<?xml version="1.0" ?><OAI-PMH xmlns="http://www.openarchives.org/OAI/2.0/" xmlns:xsi="http://www.w3.org/2001/XMLSchema-instance" xsi:schemaLocation="http://www.openarchives.org/OAI/2.0/ http://www.openarchives.org/OAI/2.0/OAI-PMH.xsd">
  <responseDate>2024-11-20T18:25:56Z</responseDate>
  <request resumptionToken="1900-01-01@all@UNIGE_ALL@marc21@5986541710005502" verb="ListRecords">https://slsp-unige.alma.exlibrisgroup.com/view/oai/41SLSP_UGE/request</request>
<ListRecords><record><header><identifier>oai:alma.41SLSP_UGE:991000766269705502</identifier><datestamp>2024-02-05T01:19:10Z</datestamp><setSpec>uge_bcen_RapidILL_BOOK</setSpec><setSpec>uge_aaca_RapidILL_BOOK</setSpec><setSpec>uge_abels_RapidILL_BOOK</setSpec><setSpec>uge_dbu_RapidILL_BOOK</setSpec><setSpec>uge_cmu_RapidILL_BOOK</setSpec><setSpec>uge_mail_RapidILL_BOOK</setSpec><setSpec>uge_abbat_RapidILL_BOOK</setSpec><setSpec>UNIGE_ALL</setSpec><setSpec>uge_aobs_RapidILL_BOOK</setSpec><setSpec>uge_acar_RapidILL_BOOK</setSpec></header><metadata>
<record xmlns="http://www.loc.gov/MARC21/slim" xmlns:xsi="http://www.w3.org/2001/XMLSchema-instance" xsi:schemaLocation="http://www.loc.gov/MARC21/slim http://www.loc.gov/standards/marcxml/schema/MARC21slim.xsd"><leader>03771nam a2200889 c 4500</leader><controlfield tag="001">991000766269705502</controlfield><controlfield tag="005">20231211112036.0</controlfield><controlfield tag="008">201011s1992    xxk||||| |||| 10| ||eng d</controlfield><datafield ind1=" " ind2=" " tag="019"><subfield code="a">Okely, Judith (1928-) / Library of Congress</subfield></datafield><datafield ind1=" " ind2=" " tag="020"><subfield code="a">0415051894</subfield><subfield code="q">pb</subfield></datafield><datafield ind1=" " ind2=" " tag="035"><subfield code="a">(swissbib)220287023-41slsp_network</subfield></datafield><datafield ind1=" " ind2=" " tag="035"><subfield code="a">220287023</subfield><subfield code="9">ExL</subfield></datafield><datafield ind1=" " ind2=" " tag="035"><subfield code="a">(RERO)1586852-41slsp</subfield></datafield><datafield ind1=" " ind2=" " tag="035"><subfield code="a">(IDSBB)000832995DSV01</subfield></datafield><datafield ind1=" " ind2=" " tag="035"><subfield code="a">(NEBIS)001251799EBI01</subfield></datafield><datafield ind1=" " ind2=" " tag="035"><subfield code="a">(EXLNZ-41SLSP_NETWORK)991141826389705501</subfield></datafield><datafield ind1=" " ind2=" " tag="040"><subfield code="a">RERO labcud</subfield><subfield code="d">CH-ZuSLS</subfield></datafield><datafield ind1=" " ind2="7" tag="072"><subfield code="a">et</subfield><subfield code="2">rero</subfield></datafield><datafield ind1=" " ind2="7" tag="072"><subfield code="a">et</subfield><subfield code="2">SzZuIDS BS/BE</subfield></datafield><datafield ind1="0" ind2="0" tag="082"><subfield code="a">301/.072</subfield><subfield code="2">20</subfield></datafield><datafield ind1="0" ind2="0" tag="082"><subfield code="a">305.80072</subfield></datafield><datafield ind1="0" ind2="4" tag="082"><subfield code="a">301 .072</subfield><subfield code="2">20</subfield></datafield><datafield ind1="0" ind2="4" tag="082"><subfield code="a">306</subfield><subfield code="2">20</subfield></datafield><datafield ind1="1" ind2="4" tag="082"><subfield code="a">301.092</subfield><subfield code="2">22</subfield></datafield><datafield ind1=" " ind2=" " tag="084"><subfield code="a">LB 33000</subfield><subfield code="2">rvk</subfield></datafield><datafield ind1=" " ind2=" " tag="084"><subfield code="a">MS 9400</subfield><subfield code="2">rvk</subfield></datafield><datafield ind1="0" ind2="0" tag="245"><subfield code="a">Anthropology and autobiography</subfield><subfield code="c">ed. by Judith Okely and Helen Callaway</subfield></datafield><datafield ind1=" " ind2="1" tag="264"><subfield code="a">London</subfield><subfield code="a">New York</subfield><subfield code="b">Routledge</subfield><subfield code="c">1992</subfield></datafield><datafield ind1=" " ind2=" " tag="300"><subfield code="a">XIV, 252 p.</subfield><subfield code="b">ill.</subfield><subfield code="c">24 cm</subfield></datafield><datafield ind1=" " ind2=" " tag="336"><subfield code="b">txt</subfield><subfield code="2">rdacontent</subfield></datafield><datafield ind1=" " ind2=" " tag="337"><subfield code="b">n</subfield><subfield code="2">rdamedia</subfield></datafield><datafield ind1=" " ind2=" " tag="338"><subfield code="b">nc</subfield><subfield code="2">rdacarrier</subfield></datafield><datafield ind1="1" ind2=" " tag="490"><subfield code="a">ASA monographs</subfield><subfield code="v">29</subfield></datafield><datafield ind1=" " ind2=" " tag="500"><subfield code="a">Basé sur les contrib. à l'Annual Conference de l'Association of social anthropologists, York, 1989</subfield></datafield><datafield ind1=" " ind2=" " tag="500"><subfield code="a">Papers from the Association of Social Anthropologists' Annual Conference held at the University of York in 1989</subfield></datafield><datafield ind1=" " ind2=" " tag="500"><subfield code="a">Based on papers pres. at the Association of Social Anthropologists' Annual Conference held at the Univ. of York in 1989</subfield></datafield><datafield ind1=" " ind2=" " tag="504"><subfield code="a">Index.</subfield></datafield><datafield ind1=" " ind2=" " tag="504"><subfield code="a">Literaturverz.</subfield></datafield><datafield ind1="4" ind2=" " tag="510"><subfield code="a">Anthropology and humanism (Arlington) ; (1994) vol. 19, nr. 1, p. 110-111 (Blanca Muratorio)</subfield></datafield><datafield ind1="4" ind2=" " tag="510"><subfield code="a">Man (London) ; (1994) vol. 29, n⁰ 2, p. 527-528 (Michele D. Dominy)</subfield></datafield><datafield ind1=" " ind2="7" tag="650"><subfield code="a">Anthropologie</subfield><subfield code="0">(IDREF)027295370</subfield><subfield code="2">idref</subfield></datafield><datafield ind1=" " ind2="7" tag="650"><subfield code="a">Autobiographie</subfield><subfield code="0">(IDREF)02759436X</subfield><subfield code="2">idref</subfield></datafield><datafield ind1=" " ind2="7" tag="650"><subfield code="a">auto-anthropologie</subfield><subfield code="0">(RERO)A010047485</subfield><subfield code="2">rerovoc</subfield></datafield><datafield ind1=" " ind2="7" tag="650"><subfield code="a">Ethnologie</subfield><subfield code="0">(IDREF)02729661X</subfield><subfield code="2">idref</subfield></datafield><datafield ind1=" " ind2="7" tag="650"><subfield code="a">réflexivité</subfield><subfield code="0">(RERO)A010139065</subfield><subfield code="2">rerovoc</subfield></datafield><datafield ind1=" " ind2="7" tag="650"><subfield code="a">Ethnologie</subfield><subfield code="2">idszbz</subfield></datafield><datafield ind1=" " ind2="7" tag="650"><subfield code="a">Methode</subfield><subfield code="2">idszbz</subfield></datafield><datafield ind1=" " ind2="7" tag="650"><subfield code="a">Autobiographie</subfield><subfield code="2">idszbz</subfield></datafield><datafield ind1=" " ind2="7" tag="650"><subfield code="a">Autobiografie</subfield><subfield code="0">(DE-588)4003939-0</subfield><subfield code="2">gnd</subfield></datafield><datafield ind1=" " ind2="7" tag="650"><subfield code="a">Ethnologe</subfield><subfield code="0">(DE-588)4153098-6</subfield><subfield code="2">gnd</subfield></datafield><datafield ind1=" " ind2="7" tag="650"><subfield code="a">Ethnologie</subfield><subfield code="0">(DE-588)4078931-7</subfield><subfield code="2">gnd</subfield></datafield><datafield ind1=" " ind2="7" tag="650"><subfield code="a">Feldforschung</subfield><subfield code="0">(DE-588)4016674-0</subfield><subfield code="2">gnd</subfield></datafield><datafield ind1=" " ind2="7" tag="650"><subfield code="a">Kongress</subfield><subfield code="0">(DE-588)4130470-6</subfield><subfield code="2">gnd</subfield></datafield><datafield ind1=" " ind2="7" tag="650"><subfield code="a">Reflexivität</subfield><subfield code="0">(DE-588)4177342-1</subfield><subfield code="2">gnd</subfield></datafield><datafield ind1=" " ind2="7" tag="650"><subfield code="a">Sozialanthropologie</subfield><subfield code="0">(DE-588)4129436-1</subfield><subfield code="2">gnd</subfield></datafield><datafield ind1=" " ind2="7" tag="650"><subfield code="a">Subjektivität</subfield><subfield code="0">(DE-588)4058323-5</subfield><subfield code="2">gnd</subfield></datafield><datafield ind1=" " ind2="7" tag="650"><subfield code="a">Teilnehmende Beobachtung</subfield><subfield code="0">(DE-588)4184622-9</subfield><subfield code="2">gnd</subfield></datafield><datafield ind1=" " ind2="0" tag="650"><subfield code="a">Autobiography</subfield></datafield><datafield ind1=" " ind2="0" tag="650"><subfield code="a">Ethnology</subfield><subfield code="x">Authorship</subfield></datafield><datafield ind1=" " ind2="0" tag="650"><subfield code="a">Ethnology</subfield><subfield code="x">Biographical methods</subfield></datafield><datafield ind1=" " ind2="0" tag="650"><subfield code="a">Ethnology</subfield><subfield code="x">Fieldwork</subfield></datafield><datafield ind1=" " ind2="7" tag="655"><subfield code="a">[Études diverses]</subfield><subfield code="0">(RERO)A022249905</subfield><subfield code="2">rero</subfield></datafield><datafield ind1=" " ind2="7" tag="655"><subfield code="a">Actes de congrès</subfield><subfield code="0">(IDREF)02886431X</subfield><subfield code="2">idref</subfield></datafield><datafield ind1=" " ind2="7" tag="655"><subfield code="a">Konferenzschrift</subfield><subfield code="z">York</subfield><subfield code="y">1989</subfield><subfield code="2">gnd-content</subfield></datafield><datafield ind1=" " ind2="7" tag="655"><subfield code="a">Aufsatzsammlung</subfield><subfield code="2">idszbz</subfield></datafield><datafield ind1=" " ind2=" " tag="690"><subfield code="a">Ethnologie, Autobiographie</subfield><subfield code="2">ubs-A6</subfield></datafield><datafield ind1=" " ind2=" " tag="690"><subfield code="a">120</subfield><subfield code="d">Methodology - Methodologie</subfield><subfield code="2">uzb-UI</subfield></datafield><datafield ind1=" " ind2=" " tag="690"><subfield code="a">128</subfield><subfield code="d">Organization and analysis of results - Datenverarbeitung und Analyse</subfield><subfield code="2">uzb-UI</subfield></datafield><datafield ind1=" " ind2=" " tag="690"><subfield code="a">159</subfield><subfield code="d">Life history materials - Biographien</subfield><subfield code="2">uzb-UI</subfield></datafield><datafield ind1=" " ind2=" " tag="690"><subfield code="a">212</subfield><subfield code="d">Writing - Schrift</subfield><subfield code="2">uzb-UI</subfield></datafield><datafield ind1=" " ind2=" " tag="691"><subfield code="e">815.1.a</subfield><subfield code="a">Social/cultural anthropology</subfield><subfield code="2">ubs-FG</subfield></datafield><datafield ind1="1" ind2=" " tag="700"><subfield code="a">Callaway, Helen</subfield></datafield><datafield ind1="1" ind2=" " tag="700"><subfield code="a">Okely, Judith</subfield><subfield code="0">(RERO)A003654004</subfield></datafield><datafield ind1="2" ind2=" " tag="710"><subfield code="6">880-03</subfield><subfield code="a">Association of Social Anthropologists of the Commonwealth</subfield><subfield code="b">Annual Conference</subfield><subfield code="d">1989</subfield><subfield code="c">York</subfield><subfield code="0">(RERO)A012355314</subfield></datafield><datafield ind1="2" ind2=" " tag="880"><subfield code="a">Association of Social Anthropologists of the Commonwealth</subfield><subfield code="b">Annual Conference</subfield><subfield code="6">710-03</subfield><subfield code="0">(DE-588)1086614631</subfield></datafield><datafield ind1=" " ind2=" " tag="830"><subfield code="a">ASA monographs</subfield><subfield code="v">29</subfield><subfield code="w">(RERO)0174517-41slsp</subfield></datafield><datafield ind1=" " ind2=" " tag="830"><subfield code="a">A.S.A monograph</subfield><subfield code="v">29</subfield><subfield code="w">(NEBIS)000063452EBI01</subfield></datafield><datafield ind1=" " ind2=" " tag="900"><subfield code="a">REROnoselfmerge</subfield></datafield></record>
</metadata></record>