<record><header><identifier>oai:alma.41SLSP_UGE:991000766059705502</identifier><datestamp>2023-04-12T00:11:26Z</datestamp><setSpec>uge_bcen_RapidILL_BOOK</setSpec><setSpec>uge_aaca_RapidILL_BOOK</setSpec><setSpec>uge_abels_RapidILL_BOOK</setSpec><setSpec>uge_dbu_RapidILL_BOOK</setSpec><setSpec>uge_cmu_RapidILL_BOOK</setSpec><setSpec>uge_mail_RapidILL_BOOK</setSpec><setSpec>uge_abbat_RapidILL_BOOK</setSpec><setSpec>UNIGE_ALL</setSpec><setSpec>uge_aobs_RapidILL_BOOK</setSpec><setSpec>uge_acar_RapidILL_BOOK</setSpec></header><metadata>
<record xmlns="http://www.loc.gov/MARC21/slim" xmlns:xsi="http://www.w3.org/2001/XMLSchema-instance" xsi:schemaLocation="http://www.loc.gov/MARC21/slim http://www.loc.gov/standards/marcxml/schema/MARC21slim.xsd"><leader>03608nam a2200781 c 4500</leader><controlfield tag="001">991000766059705502</controlfield><controlfield tag="005">20230410201427.0</controlfield><controlfield tag="008">201011s2002    gw ||||| |||| 10| ||eng d</controlfield><datafield ind1=" " ind2=" " tag="010"><subfield code="a">2002066931</subfield></datafield><datafield ind1=" " ind2=" " tag="015"><subfield code="a">GBA2-35883</subfield></datafield><datafield ind1=" " ind2=" " tag="020"><subfield code="a">9783540478706</subfield><subfield code="q">eBook</subfield></datafield><datafield ind1=" " ind2=" " tag="020"><subfield code="a">3540436774</subfield><subfield code="q">pbk.</subfield><subfield code="c">No price</subfield></datafield><datafield ind1=" " ind2=" " tag="035"><subfield code="a">(swissbib)229154670-41slsp_network</subfield></datafield><datafield ind1=" " ind2=" " tag="035"><subfield code="a">229154670</subfield><subfield code="9">ExL</subfield></datafield><datafield ind1=" " ind2=" " tag="035"><subfield code="a">(RERO)R008855170-41slsp</subfield></datafield><datafield ind1=" " ind2=" " tag="035"><subfield code="a">(NEBIS)004337887EBI01</subfield></datafield><datafield ind1=" " ind2=" " tag="035"><subfield code="a">(IDSBB)002802227DSV01</subfield></datafield><datafield ind1=" " ind2=" " tag="035"><subfield code="a">(EXLNZ-41SLSP_NETWORK)991028299619705501</subfield></datafield><datafield ind1=" " ind2=" " tag="040"><subfield code="a">RERO geucui</subfield><subfield code="d">CH-ZuSLS</subfield></datafield><datafield ind1=" " ind2="7" tag="072"><subfield code="a">in</subfield><subfield code="2">rero</subfield></datafield><datafield ind1="0" ind2="4" tag="082"><subfield code="a">005.8</subfield><subfield code="2">21</subfield></datafield><datafield ind1=" " ind2=" " tag="084"><subfield code="a">PZ 4600</subfield><subfield code="2">rvk</subfield></datafield><datafield ind1=" " ind2=" " tag="084"><subfield code="a">SS 4800</subfield><subfield code="2">rvk</subfield></datafield><datafield ind1="0" ind2="0" tag="245"><subfield code="a">Security and privacy in digital rights management</subfield><subfield code="b">ACM CCS-8 workshop, DRM 2001, Philadelphia, PA, USA, November 5, 2001 : revised papers</subfield><subfield code="c">Tomas Sander (ed.)</subfield></datafield><datafield ind1="1" ind2=" " tag="246"><subfield code="a">ACM CCS-8 Workshop</subfield></datafield><datafield ind1="1" ind2=" " tag="246"><subfield code="a">DRM 2001</subfield></datafield><datafield ind1=" " ind2="1" tag="264"><subfield code="a">Berlin</subfield><subfield code="b">Springer</subfield><subfield code="c">2002</subfield></datafield><datafield ind1=" " ind2=" " tag="300"><subfield code="a">244 p.</subfield><subfield code="b">ill.</subfield></datafield><datafield ind1=" " ind2=" " tag="336"><subfield code="b">txt</subfield><subfield code="2">rdacontent</subfield></datafield><datafield ind1=" " ind2=" " tag="337"><subfield code="b">n</subfield><subfield code="2">rdamedia</subfield></datafield><datafield ind1=" " ind2=" " tag="338"><subfield code="b">nc</subfield><subfield code="2">rdacarrier</subfield></datafield><datafield ind1="1" ind2=" " tag="490"><subfield code="a">Lecture notes in computer science</subfield><subfield code="v">2320</subfield></datafield><datafield ind1=" " ind2=" " tag="500"><subfield code="a">Variante du titre: DRM 2001</subfield></datafield><datafield ind1=" " ind2=" " tag="500"><subfield code="a">&quot;The Workshop was held in conjunction with the Eighth ACM conference on Computer and Communications Security (CCS-8) in Philadelphia, USA on November 5, 2001.&quot;</subfield></datafield><datafield ind1=" " ind2=" " tag="504"><subfield code="a">Includes bibliographical references and index</subfield></datafield><datafield ind1=" " ind2="7" tag="650"><subfield code="a">Gestion</subfield><subfield code="0">(IDREF)027467945</subfield><subfield code="2">idref</subfield></datafield><datafield ind1=" " ind2="7" tag="650"><subfield code="a">Droit d'auteur</subfield><subfield code="0">(IDREF)027287432</subfield><subfield code="2">idref</subfield></datafield><datafield ind1=" " ind2="7" tag="650"><subfield code="a">Internet</subfield><subfield code="0">(IDREF)032317468</subfield><subfield code="2">idref</subfield></datafield><datafield ind1=" " ind2="7" tag="650"><subfield code="a">Droit d'auteur</subfield><subfield code="x">Droit de reproduction</subfield><subfield code="0">(IDREF)027882551</subfield><subfield code="2">idref</subfield></datafield><datafield ind1=" " ind2="7" tag="650"><subfield code="a">Piratage (droit d'auteur)</subfield><subfield code="0">(IDREF)084149787</subfield><subfield code="2">idref</subfield></datafield><datafield ind1=" " ind2="7" tag="650"><subfield code="a">Infractions au droit d'auteur</subfield><subfield code="0">(IDREF)027803724</subfield><subfield code="2">idref</subfield></datafield><datafield ind1=" " ind2="0" tag="650"><subfield code="a">Computer Communication Networks</subfield></datafield><datafield ind1=" " ind2="0" tag="650"><subfield code="a">Computer science</subfield></datafield><datafield ind1=" " ind2="0" tag="650"><subfield code="a">Computers</subfield><subfield code="x">Law and legislation</subfield></datafield><datafield ind1=" " ind2="0" tag="650"><subfield code="a">Data encryption (Computer science)</subfield></datafield><datafield ind1=" " ind2="0" tag="650"><subfield code="a">Information Systems</subfield></datafield><datafield ind1=" " ind2="0" tag="650"><subfield code="a">Operating systems (Computers)</subfield></datafield><datafield ind1=" " ind2="7" tag="650"><subfield code="a">DATENKOMMUNIKATION (COMPUTERSYSTEME)</subfield><subfield code="9">ger</subfield><subfield code="0">(ETHUDK)000061472</subfield><subfield code="2">ethudk</subfield></datafield><datafield ind1=" " ind2="7" tag="650"><subfield code="a">DATENSICHERHEIT + DATENSCHUTZ (BETRIEBSSYSTEME)</subfield><subfield code="9">ger</subfield><subfield code="0">(ETHUDK)000034698</subfield><subfield code="2">ethudk</subfield></datafield><datafield ind1=" " ind2="7" tag="650"><subfield code="a">KRYPTOGRAPHIE (INFORMATIONSTHEORIE)</subfield><subfield code="9">ger</subfield><subfield code="0">(ETHUDK)000042682</subfield><subfield code="2">ethudk</subfield></datafield><datafield ind1=" " ind2="0" tag="650"><subfield code="a">Computer security</subfield><subfield code="v">Congresses</subfield></datafield><datafield ind1=" " ind2="0" tag="650"><subfield code="a">Privacy, Right of</subfield><subfield code="v">Congresses</subfield></datafield><datafield ind1=" " ind2="0" tag="650"><subfield code="a">Data protection</subfield><subfield code="v">Congresses</subfield></datafield><datafield ind1=" " ind2="7" tag="650"><subfield code="a">Digital Rights Management</subfield><subfield code="v">Kongressbericht</subfield><subfield code="2">idsbb</subfield></datafield><datafield ind1=" " ind2="7" tag="655"><subfield code="a">Actes de congrès</subfield><subfield code="0">(IDREF)02886431X</subfield><subfield code="2">idref</subfield></datafield><datafield ind1=" " ind2="7" tag="655"><subfield code="a">Konferenzschrift</subfield><subfield code="z">Philadelphia (PA)</subfield><subfield code="y">2001</subfield><subfield code="2">gnd-content</subfield></datafield><datafield ind1=" " ind2="7" tag="655"><subfield code="a">Konferenzschrift</subfield><subfield code="z">Philadelphia, Pa.</subfield><subfield code="y">2001</subfield><subfield code="2">gnd-content</subfield></datafield><datafield ind1="1" ind2=" " tag="700"><subfield code="a">Sander, Tomas</subfield><subfield code="d">19..-....</subfield><subfield code="0">(IDREF)250604175</subfield></datafield><datafield ind1="2" ind2=" " tag="710"><subfield code="a">Association for Computing Machinery</subfield><subfield code="0">(DE-588)1222-1</subfield></datafield><datafield ind1="2" ind2=" " tag="711"><subfield code="a">ACM CCS-8 Workshop DRM</subfield></datafield><datafield ind1="2" ind2=" " tag="711"><subfield code="a">ACM Conference on Computer and Communications Security</subfield><subfield code="0">(DE-588)1091741875</subfield></datafield><datafield ind1="2" ind2=" " tag="711"><subfield code="a">ACM Conference on Computer and Communications Security</subfield><subfield code="0">(DE-588)1091741875</subfield></datafield><datafield ind1="2" ind2=" " tag="711"><subfield code="a">ACM Workshop on Digital Rights Management</subfield><subfield code="n">1</subfield><subfield code="d">2001</subfield><subfield code="c">Philadelphia</subfield><subfield code="0">(RERO)A027660736</subfield></datafield><datafield ind1="2" ind2=" " tag="711"><subfield code="a">ACM Conference on Computer and Communications Security</subfield><subfield code="n">8</subfield><subfield code="d">2001</subfield><subfield code="c">Philadelphia</subfield></datafield><datafield ind1="4" ind2=" " tag="856"><subfield code="3">Abstract / Autoreninformation</subfield><subfield code="u">https://toc.library.ethz.ch/objects/pdf/000026475_e01_3540436774_02.pdf</subfield><subfield code="q">pdf</subfield></datafield><datafield ind1=" " ind2=" " tag="830"><subfield code="a">Lecture notes in computer science</subfield><subfield code="n">1 (1973) - 2999 (2004)</subfield><subfield code="v">2320</subfield><subfield code="w">(NEBIS)000025969EBI01</subfield></datafield><datafield ind1=" " ind2=" " tag="830"><subfield code="a">Lecture notes in computer science</subfield><subfield code="v">2320</subfield><subfield code="w">(IDSBB)000031854DSV01</subfield></datafield><datafield ind1=" " ind2=" " tag="830"><subfield code="a">Lecture notes in computer science</subfield><subfield code="v">2320</subfield><subfield code="w">(RERO)0078255-41slsp</subfield></datafield><datafield ind1=" " ind2=" " tag="900"><subfield code="a">REROnoselfmerge</subfield></datafield></record>
</metadata></record>