<record><header><identifier>oai:alma.41SLSP_UGE:991000765539705502</identifier><datestamp>2023-03-01T01:09:47Z</datestamp><setSpec>uge_bcen_RapidILL_BOOK</setSpec><setSpec>uge_aaca_RapidILL_BOOK</setSpec><setSpec>uge_abels_RapidILL_BOOK</setSpec><setSpec>uge_dbu_RapidILL_BOOK</setSpec><setSpec>uge_cmu_RapidILL_BOOK</setSpec><setSpec>uge_mail_RapidILL_BOOK</setSpec><setSpec>UNIGE_ALL</setSpec><setSpec>uge_abbat_RapidILL_BOOK</setSpec><setSpec>uge_aobs_RapidILL_BOOK</setSpec><setSpec>uge_acar_RapidILL_BOOK</setSpec></header><metadata>
<record xmlns="http://www.loc.gov/MARC21/slim" xmlns:xsi="http://www.w3.org/2001/XMLSchema-instance" xsi:schemaLocation="http://www.loc.gov/MARC21/slim http://www.loc.gov/standards/marcxml/schema/MARC21slim.xsd"><leader>00940naa a2200241 c 4500</leader><controlfield tag="001">991000765539705502</controlfield><controlfield tag="005">20210206202518.0</controlfield><controlfield tag="008">191113s1927    xxu           00| | eng d</controlfield><datafield ind1=" " ind2=" " tag="035"><subfield code="a">(swissbib)126097437-41slsp_network</subfield></datafield><datafield ind1=" " ind2=" " tag="035"><subfield code="a">126097437</subfield><subfield code="9">ExL</subfield></datafield><datafield ind1=" " ind2=" " tag="035"><subfield code="a">(RERO)R008986132-41slsp</subfield></datafield><datafield ind1=" " ind2=" " tag="035"><subfield code="a">(EXLNZ-41SLSP_NETWORK)991023274189705501</subfield></datafield><datafield ind1=" " ind2=" " tag="040"><subfield code="a">Abes</subfield><subfield code="d">CH-ZuSLS</subfield></datafield><datafield ind1=" " ind2="7" tag="072"><subfield code="a">zo</subfield><subfield code="2">rero</subfield></datafield><datafield ind1="1" ind2=" " tag="100"><subfield code="a">Flitner, Elaine Kinder</subfield><subfield code="c">zoologiste</subfield><subfield code="c">Zoologiste</subfield><subfield code="d">1890-</subfield><subfield code="0">(IDREF)11836510X</subfield><subfield code="4">aut</subfield></datafield><datafield ind1="1" ind2="0" tag="245"><subfield code="a">&lt;&lt;A&gt;&gt; study of the nest-building activity of the albino rat</subfield><subfield code="c">Elaine Flitner Kinder</subfield></datafield><datafield ind1=" " ind2=" " tag="336"><subfield code="b">txt</subfield><subfield code="2">rdacontent</subfield></datafield><datafield ind1=" " ind2=" " tag="337"><subfield code="b">n</subfield><subfield code="2">rdamedia</subfield></datafield><datafield ind1=" " ind2=" " tag="338"><subfield code="b">nc</subfield><subfield code="2">rdacarrier</subfield></datafield><datafield ind1=" " ind2=" " tag="504"><subfield code="a">Bibliogr p. 161</subfield></datafield><datafield ind1=" " ind2=" " tag="580"><subfield code="a">Tiré à part de: Journal of experimental zoölogy. - Philadelphia. - Vol. 47(1927), no. 2, p. 117-161</subfield></datafield><datafield ind1="0" ind2=" " tag="773"><subfield code="t">Journal of Experimental Zoology</subfield><subfield code="g">1927/117</subfield><subfield code="g">yr:1927</subfield><subfield code="w">(RERO)0062884-41slsp</subfield></datafield><datafield ind1=" " ind2=" " tag="900"><subfield code="a">REROnoselfmerge</subfield></datafield><datafield ind1=" " ind2=" " tag="910"><subfield code="a">SUDOC</subfield><subfield code="b">20191113</subfield><subfield code="c">Réutilisation sous conditions: Licence ouverte Etalab</subfield></datafield><datafield ind1=" " ind2=" " tag="990"><subfield code="a">aircla</subfield><subfield code="9">LOCAL</subfield></datafield></record>
</metadata></record>