<record><header><identifier>oai:alma.41SLSP_UGE:991000765649705502</identifier><datestamp>2024-10-17T00:10:41Z</datestamp><setSpec>uge_bcen_RapidILL_BOOK</setSpec><setSpec>uge_aaca_RapidILL_BOOK</setSpec><setSpec>uge_abels_RapidILL_BOOK</setSpec><setSpec>uge_dbu_RapidILL_BOOK</setSpec><setSpec>uge_cmu_RapidILL_BOOK</setSpec><setSpec>uge_mail_RapidILL_BOOK</setSpec><setSpec>uge_abbat_RapidILL_BOOK</setSpec><setSpec>UNIGE_ALL</setSpec><setSpec>uge_aobs_RapidILL_BOOK</setSpec><setSpec>uge_acar_RapidILL_BOOK</setSpec></header><metadata>
<record xmlns="http://www.loc.gov/MARC21/slim" xmlns:xsi="http://www.w3.org/2001/XMLSchema-instance" xsi:schemaLocation="http://www.loc.gov/MARC21/slim http://www.loc.gov/standards/marcxml/schema/MARC21slim.xsd"><leader>01873nam a22004812c 4500</leader><controlfield tag="001">991000765649705502</controlfield><controlfield tag="005">20241016201333.0</controlfield><controlfield tag="008">201011s1953    sw ||||| |||| 00| ||eng d</controlfield><datafield ind1=" " ind2=" " tag="010"><subfield code="a">a  55007642</subfield></datafield><datafield ind1=" " ind2=" " tag="035"><subfield code="a">(swissbib)224974939-41slsp_network</subfield></datafield><datafield ind1=" " ind2=" " tag="035"><subfield code="a">224974939</subfield><subfield code="9">ExL</subfield></datafield><datafield ind1=" " ind2=" " tag="035"><subfield code="a">(RERO)R008694902-41slsp</subfield></datafield><datafield ind1=" " ind2=" " tag="035"><subfield code="a">(NEBIS)007146646EBI01</subfield></datafield><datafield ind1=" " ind2=" " tag="035"><subfield code="a">(IDSBB)000536653DSV01</subfield></datafield><datafield ind1=" " ind2=" " tag="035"><subfield code="a">(OCoLC)5145587</subfield></datafield><datafield ind1=" " ind2=" " tag="035"><subfield code="a">(EXLNZ-41SLSP_NETWORK)991144284019705501</subfield></datafield><datafield ind1=" " ind2=" " tag="040"><subfield code="a">NLGGC</subfield><subfield code="b">dut</subfield><subfield code="e">fobidrtb</subfield><subfield code="d">CH-ZuSLS</subfield></datafield><datafield ind1=" " ind2="4" tag="050"><subfield code="a">R81</subfield><subfield code="b">.A18</subfield></datafield><datafield ind1="1" ind2="4" tag="060"><subfield code="a">W1</subfield><subfield code="b">AC8552 no.280 1953</subfield></datafield><datafield ind1=" " ind2="7" tag="072"><subfield code="a">me</subfield><subfield code="2">rero</subfield></datafield><datafield ind1=" " ind2="7" tag="072"><subfield code="a">me</subfield><subfield code="2">SzZuIDS BS/BE</subfield></datafield><datafield ind1="1" ind2="4" tag="082"><subfield code="a">610</subfield><subfield code="2">15</subfield></datafield><datafield ind1="1" ind2=" " tag="100"><subfield code="a">Romanus, Ragnar</subfield><subfield code="0">(RERO)A003757820</subfield><subfield code="4">cre</subfield></datafield><datafield ind1="1" ind2="0" tag="245"><subfield code="a">Pelvo-spondylitis ossificans in the male (ankylosing spondylitis, morbus bechterew-Marie-Strümpell) and genito-urinary infection</subfield><subfield code="b">the aetiological significance of the latter and the nature of the disease based on a study of 117 male patients</subfield><subfield code="c">by Ragnar Romanus</subfield></datafield><datafield ind1=" " ind2="1" tag="264"><subfield code="a">Stockholm</subfield><subfield code="b">[éditeur non identifié]</subfield><subfield code="c">1953</subfield></datafield><datafield ind1=" " ind2=" " tag="300"><subfield code="a">367 p.</subfield><subfield code="b">ill.</subfield><subfield code="c">23 cm</subfield></datafield><datafield ind1=" " ind2=" " tag="336"><subfield code="b">txt</subfield><subfield code="2">rdacontent</subfield></datafield><datafield ind1=" " ind2=" " tag="337"><subfield code="b">n</subfield><subfield code="2">rdamedia</subfield></datafield><datafield ind1=" " ind2=" " tag="338"><subfield code="b">nc</subfield><subfield code="2">rdacarrier</subfield></datafield><datafield ind1="1" ind2=" " tag="490"><subfield code="a">Acta medica Scandinavica. Supplementum</subfield><subfield code="v">280</subfield></datafield><datafield ind1="0" ind2=" " tag="490"><subfield code="a">Acta medica Scandinavica, CXLV. suppl.</subfield><subfield code="v">280</subfield></datafield><datafield ind1=" " ind2=" " tag="500"><subfield code="a">Ook verschenen als proefschrift Stockholm</subfield></datafield><datafield ind1=" " ind2=" " tag="502"><subfield code="a">Diss. Univ. Stockholm, 1953</subfield></datafield><datafield ind1=" " ind2=" " tag="504"><subfield code="a">Met lit. opg</subfield></datafield><datafield ind1=" " ind2="7" tag="650"><subfield code="a">Maladies infectieuses</subfield><subfield code="0">(IDREF)027238393</subfield><subfield code="2">idref</subfield></datafield><datafield ind1=" " ind2="7" tag="650"><subfield code="a">Appareil urinaire</subfield><subfield code="0">(IDREF)02780612X</subfield><subfield code="2">idref</subfield></datafield><datafield ind1=" " ind2="7" tag="650"><subfield code="a">Organes génitaux</subfield><subfield code="0">(IDREF)027227944</subfield><subfield code="2">idref</subfield></datafield><datafield ind1=" " ind2="0" tag="650"><subfield code="a">Genitourinary organs</subfield><subfield code="x">Diseases</subfield></datafield><datafield ind1=" " ind2="0" tag="650"><subfield code="a">Spine</subfield><subfield code="x">Diseases</subfield></datafield><datafield ind1=" " ind2="7" tag="655"><subfield code="a">Hochschulschrift</subfield><subfield code="2">gnd-content</subfield></datafield><datafield ind1=" " ind2=" " tag="830"><subfield code="a">Acta medica Scandinavica</subfield><subfield code="p">Supplementum</subfield><subfield code="v">280</subfield><subfield code="w">(IDSBB)000011288DSV01</subfield></datafield><datafield ind1=" " ind2=" " tag="900"><subfield code="a">REROnoselfmerge</subfield></datafield><datafield ind1=" " ind2=" " tag="900"><subfield code="a">IDSZRMedeaZBZDiss</subfield></datafield><datafield ind1=" " ind2=" " tag="910"><subfield code="a">OCoLC</subfield><subfield code="b">20170829</subfield><subfield code="c">Droits réservés</subfield></datafield></record>
</metadata></record>