<record><header><identifier>oai:alma.41SLSP_UGE:991000766379705502</identifier><datestamp>2023-04-15T00:12:23Z</datestamp><setSpec>uge_bcen_RapidILL_BOOK</setSpec><setSpec>uge_aaca_RapidILL_BOOK</setSpec><setSpec>uge_abels_RapidILL_BOOK</setSpec><setSpec>uge_dbu_RapidILL_BOOK</setSpec><setSpec>uge_cmu_RapidILL_BOOK</setSpec><setSpec>uge_mail_RapidILL_BOOK</setSpec><setSpec>uge_abbat_RapidILL_BOOK</setSpec><setSpec>UNIGE_ALL</setSpec><setSpec>uge_aobs_RapidILL_BOOK</setSpec><setSpec>uge_acar_RapidILL_BOOK</setSpec></header><metadata>
<record xmlns="http://www.loc.gov/MARC21/slim" xmlns:xsi="http://www.w3.org/2001/XMLSchema-instance" xsi:schemaLocation="http://www.loc.gov/MARC21/slim http://www.loc.gov/standards/marcxml/schema/MARC21slim.xsd"><leader>01998nam a2200421 c 4500</leader><controlfield tag="001">991000766379705502</controlfield><controlfield tag="005">20230414062300.0</controlfield><controlfield tag="008">201011s2011    xxu||||| |||| 00| ||eng d</controlfield><datafield ind1=" " ind2=" " tag="010"><subfield code="a">2011007062</subfield></datafield><datafield ind1=" " ind2=" " tag="020"><subfield code="a">9780813724799</subfield><subfield code="q">pbk.</subfield></datafield><datafield ind1=" " ind2=" " tag="020"><subfield code="a">0813724791</subfield><subfield code="q">pbk.</subfield></datafield><datafield ind1=" " ind2=" " tag="035"><subfield code="a">(swissbib)214014177-41slsp_network</subfield></datafield><datafield ind1=" " ind2=" " tag="035"><subfield code="a">214014177</subfield><subfield code="9">ExL</subfield></datafield><datafield ind1=" " ind2=" " tag="035"><subfield code="a">(RERO)R006360447-41slsp</subfield></datafield><datafield ind1=" " ind2=" " tag="035"><subfield code="a">(NEBIS)006688150EBI01</subfield></datafield><datafield ind1=" " ind2=" " tag="035"><subfield code="a">(OCoLC)707886933</subfield></datafield><datafield ind1=" " ind2=" " tag="035"><subfield code="a">(EXLNZ-41SLSP_NETWORK)991098688439705501</subfield></datafield><datafield ind1=" " ind2=" " tag="040"><subfield code="a">RERO frbcuc</subfield><subfield code="d">CH-ZuSLS</subfield></datafield><datafield ind1=" " ind2=" " tag="050"><subfield code="a">QE539.2.P34</subfield><subfield code="b">G46 2011</subfield></datafield><datafield ind1=" " ind2="7" tag="072"><subfield code="a">st</subfield><subfield code="2">rero</subfield></datafield><datafield ind1="0" ind2="4" tag="082"><subfield code="a">551.22</subfield><subfield code="2">22</subfield></datafield><datafield ind1="0" ind2="0" tag="245"><subfield code="a">Geological criteria for evaluating seismicity revisited</subfield><subfield code="b">forty years of paleoseismic investigations and the natural record of past earthquakes</subfield><subfield code="c">ed. by Franck A. Audemard M. ... [et al.]</subfield></datafield><datafield ind1=" " ind2="1" tag="264"><subfield code="a">Boulder, Colo.</subfield><subfield code="b">Geological Society of America</subfield><subfield code="c">2011</subfield></datafield><datafield ind1=" " ind2=" " tag="300"><subfield code="a">204 p.</subfield><subfield code="b">ill.</subfield></datafield><datafield ind1=" " ind2=" " tag="336"><subfield code="b">txt</subfield><subfield code="2">rdacontent</subfield></datafield><datafield ind1=" " ind2=" " tag="337"><subfield code="b">n</subfield><subfield code="2">rdamedia</subfield></datafield><datafield ind1=" " ind2=" " tag="338"><subfield code="b">nc</subfield><subfield code="2">rdacarrier</subfield></datafield><datafield ind1="1" ind2=" " tag="490"><subfield code="a">Special paper / Geological Society of America</subfield><subfield code="v">479</subfield></datafield><datafield ind1=" " ind2="0" tag="650"><subfield code="a">Paleoseismology</subfield><subfield code="x">Methodology</subfield></datafield><datafield ind1=" " ind2="7" tag="650"><subfield code="a">LACUSTRINE SEDIMENTS + LACUSTRINE SEDIMENTS + GEOLOGICAL ACTION OF LAKES (SEDIMENTARY ENVIRONMENT)</subfield><subfield code="9">eng</subfield><subfield code="0">(ETHUDK)000020056</subfield><subfield code="2">ethudk</subfield></datafield><datafield ind1=" " ind2="7" tag="650"><subfield code="a">PALAEOSEISMICITY (GEOPHYSICS)</subfield><subfield code="9">eng</subfield><subfield code="0">(ETHUDK)000045908</subfield><subfield code="2">ethudk</subfield></datafield><datafield ind1=" " ind2="7" tag="650"><subfield code="a">SEDIMENTARY HIATUSES (SEDIMENTARY ENVIRONMENT)</subfield><subfield code="9">eng</subfield><subfield code="0">(ETHUDK)000044384</subfield><subfield code="2">ethudk</subfield></datafield><datafield ind1=" " ind2="7" tag="650"><subfield code="a">SEDIMENTARY PROCESSES (SEDIMENTARY ENVIRONMENT)</subfield><subfield code="9">eng</subfield><subfield code="0">(ETHUDK)000047005</subfield><subfield code="2">ethudk</subfield></datafield><datafield ind1=" " ind2="7" tag="650"><subfield code="a">SEISMICITY (GEOPHYSICS)</subfield><subfield code="9">eng</subfield><subfield code="0">(ETHUDK)000019882</subfield><subfield code="2">ethudk</subfield></datafield><datafield ind1=" " ind2="7" tag="650"><subfield code="a">STRATIGRAPHIC CORRELATION</subfield><subfield code="9">eng</subfield><subfield code="0">(ETHUDK)000020456</subfield><subfield code="2">ethudk</subfield></datafield><datafield ind1="1" ind2=" " tag="700"><subfield code="a">Audemard M., Franck A.</subfield><subfield code="c">géologue</subfield><subfield code="d">19..-....</subfield><subfield code="0">(IDREF)093328494</subfield></datafield><datafield ind1="4" ind2=" " tag="856"><subfield code="3">Titelblatt und Inhaltsverzeichnis</subfield><subfield code="u">https://toc.library.ethz.ch/objects/pdf/e04_978-0-8137-2479-9_01.pdf</subfield><subfield code="q">pdf</subfield></datafield><datafield ind1=" " ind2="0" tag="830"><subfield code="a">Special paper</subfield><subfield code="g">Geological Society of America</subfield><subfield code="v">479</subfield><subfield code="w">(NEBIS)000025725EBI01</subfield></datafield><datafield ind1=" " ind2=" " tag="949"><subfield code="a">https://toc.library.ethz.ch/objects/pdf/e04_978-0-8137-2479-9_01.pdf</subfield></datafield></record>
</metadata></record>