<record><header><identifier>oai:alma.41SLSP_UGE:991000765739705502</identifier><datestamp>2023-06-20T00:25:15Z</datestamp><setSpec>uge_bcen_RapidILL_BOOK</setSpec><setSpec>uge_aaca_RapidILL_BOOK</setSpec><setSpec>uge_abels_RapidILL_BOOK</setSpec><setSpec>uge_dbu_RapidILL_BOOK</setSpec><setSpec>uge_cmu_RapidILL_BOOK</setSpec><setSpec>uge_mail_RapidILL_BOOK</setSpec><setSpec>uge_abbat_RapidILL_BOOK</setSpec><setSpec>UNIGE_ALL</setSpec><setSpec>uge_aobs_RapidILL_BOOK</setSpec><setSpec>uge_acar_RapidILL_BOOK</setSpec></header><metadata>
<record xmlns="http://www.loc.gov/MARC21/slim" xmlns:xsi="http://www.w3.org/2001/XMLSchema-instance" xsi:schemaLocation="http://www.loc.gov/MARC21/slim http://www.loc.gov/standards/marcxml/schema/MARC21slim.xsd"><leader>02905nam a2200697 c 4500</leader><controlfield tag="001">991000765739705502</controlfield><controlfield tag="005">20230619205925.0</controlfield><controlfield tag="008">201011s2003    xxk||||| |||| 00| ||eng d</controlfield><datafield ind1=" " ind2=" " tag="010"><subfield code="a">2002031222</subfield></datafield><datafield ind1=" " ind2=" " tag="015"><subfield code="a">GBA3-Z7083</subfield></datafield><datafield ind1="7" ind2=" " tag="016"><subfield code="a">0521822556</subfield><subfield code="2">Uk</subfield></datafield><datafield ind1=" " ind2=" " tag="020"><subfield code="a">0521822556</subfield><subfield code="c">£45.00</subfield></datafield><datafield ind1="7" ind2=" " tag="024"><subfield code="a">http://catalogue.bnf.fr/ark:/12148/cb39001478w</subfield><subfield code="2">uri</subfield></datafield><datafield ind1=" " ind2=" " tag="035"><subfield code="a">(swissbib)229409520-41slsp_network</subfield></datafield><datafield ind1=" " ind2=" " tag="035"><subfield code="a">229409520</subfield><subfield code="9">ExL</subfield></datafield><datafield ind1=" " ind2=" " tag="035"><subfield code="a">(RERO)R003398759-41slsp</subfield></datafield><datafield ind1=" " ind2=" " tag="035"><subfield code="a">(NEBIS)004394461EBI01</subfield></datafield><datafield ind1=" " ind2=" " tag="035"><subfield code="a">(IDSBB)002767517DSV01</subfield></datafield><datafield ind1=" " ind2=" " tag="035"><subfield code="a">(EXLNZ-41SLSP_NETWORK)991057530929705501</subfield></datafield><datafield ind1=" " ind2=" " tag="040"><subfield code="a">RERO geulan</subfield><subfield code="d">CH-ZuSLS</subfield></datafield><datafield ind1=" " ind2=" " tag="050"><subfield code="a">PR3072</subfield><subfield code="b">.E76 2003</subfield></datafield><datafield ind1=" " ind2="7" tag="072"><subfield code="a">an</subfield><subfield code="2">rero</subfield></datafield><datafield ind1=" " ind2="7" tag="072"><subfield code="a">le</subfield><subfield code="2">SzZuIDS BS/BE</subfield></datafield><datafield ind1="0" ind2="0" tag="082"><subfield code="a">822.3/3</subfield><subfield code="2">21</subfield></datafield><datafield ind1=" " ind2=" " tag="084"><subfield code="a">HI 3378</subfield><subfield code="2">rvk</subfield></datafield><datafield ind1=" " ind2=" " tag="084"><subfield code="a">HI 3390</subfield><subfield code="2">rvk</subfield></datafield><datafield ind1="1" ind2=" " tag="100"><subfield code="a">Erne, Lukas</subfield><subfield code="d">1968-</subfield><subfield code="0">(DE-588)173429637</subfield><subfield code="6">880-01</subfield></datafield><datafield ind1="1" ind2=" " tag="880"><subfield code="6">100-01</subfield><subfield code="a">Erne, Lukas</subfield><subfield code="d">1968-....</subfield><subfield code="0">(IDREF)075907615</subfield><subfield code="4">cre</subfield></datafield><datafield ind1="1" ind2="0" tag="245"><subfield code="a">Shakespeare as literary dramatist</subfield><subfield code="c">Lukas Erne</subfield></datafield><datafield ind1=" " ind2="1" tag="264"><subfield code="a">Cambridge</subfield><subfield code="b">Cambridge University Press</subfield><subfield code="c">2003</subfield></datafield><datafield ind1=" " ind2=" " tag="300"><subfield code="a">XII, 287 p.</subfield><subfield code="b">ill.</subfield><subfield code="c">24 cm</subfield></datafield><datafield ind1=" " ind2=" " tag="336"><subfield code="b">txt</subfield><subfield code="2">rdacontent</subfield></datafield><datafield ind1=" " ind2=" " tag="337"><subfield code="b">n</subfield><subfield code="2">rdamedia</subfield></datafield><datafield ind1=" " ind2=" " tag="338"><subfield code="b">nc</subfield><subfield code="2">rdacarrier</subfield></datafield><datafield ind1=" " ind2=" " tag="504"><subfield code="a">Includes bibliographical references and index</subfield></datafield><datafield ind1="1" ind2="7" tag="600"><subfield code="a">Shakespeare, William</subfield><subfield code="d">1564-1616</subfield><subfield code="0">(IDREF)027136086</subfield><subfield code="2">idref</subfield></datafield><datafield ind1="1" ind2="7" tag="600"><subfield code="a">Shakespeare, William</subfield><subfield code="2">idszbz</subfield></datafield><datafield ind1="1" ind2="7" tag="600"><subfield code="a">Shakespeare, William</subfield><subfield code="d">1564-1616</subfield><subfield code="x">Criticism, textual</subfield><subfield code="2">idszbzes</subfield></datafield><datafield ind1="1" ind2="7" tag="600"><subfield code="a">Shakespeare, William</subfield><subfield code="d">1564-1616</subfield><subfield code="x">Literary style</subfield><subfield code="2">idszbzes</subfield></datafield><datafield ind1="1" ind2="7" tag="600"><subfield code="a">Shakespeare, William</subfield><subfield code="d">1564-1616</subfield><subfield code="x">Publication history</subfield><subfield code="2">idszbzes</subfield></datafield><datafield ind1="1" ind2="7" tag="600"><subfield code="a">Shakespeare, William</subfield><subfield code="d">1564-1616</subfield><subfield code="0">(DE-588)118613723</subfield><subfield code="2">gnd</subfield></datafield><datafield ind1="1" ind2="0" tag="600"><subfield code="a">Shakespeare, William</subfield><subfield code="d">1564-1616</subfield><subfield code="x">Criticism, Textual</subfield></datafield><datafield ind1="1" ind2="0" tag="600"><subfield code="a">Shakespeare, William</subfield><subfield code="d">1564-1616</subfield><subfield code="x">Literary style</subfield></datafield><datafield ind1="1" ind2="0" tag="600"><subfield code="a">Shakespeare, William</subfield><subfield code="d">1564-1616</subfield><subfield code="x">Criticism and interpretation</subfield></datafield><datafield ind1="1" ind2="7" tag="600"><subfield code="a">Shakespeare, William</subfield><subfield code="x">Drama</subfield><subfield code="2">idsbb</subfield></datafield><datafield ind1=" " ind2="7" tag="650"><subfield code="a">Lecture</subfield><subfield code="0">(IDREF)027662594</subfield><subfield code="2">idref</subfield></datafield><datafield ind1=" " ind2="7" tag="650"><subfield code="a">Représentations</subfield><subfield code="0">(IDREF)030806054</subfield><subfield code="2">idref</subfield></datafield><datafield ind1=" " ind2="7" tag="650"><subfield code="a">publication</subfield><subfield code="0">(RERO)A010022622</subfield><subfield code="2">rerovoc</subfield></datafield><datafield ind1=" " ind2="7" tag="650"><subfield code="a">16e siècle (fin)-17e siècle (début)</subfield><subfield code="0">(RERO)A023085570</subfield><subfield code="2">rero</subfield></datafield><datafield ind1=" " ind2="7" tag="650"><subfield code="a">Édition</subfield><subfield code="0">(IDREF)027387348</subfield><subfield code="2">idref</subfield></datafield><datafield ind1=" " ind2="7" tag="650"><subfield code="a">Théâtre (genre littéraire)</subfield><subfield code="0">(IDREF)027331954</subfield><subfield code="2">idref</subfield></datafield><datafield ind1=" " ind2="0" tag="650"><subfield code="a">Authors and readers</subfield><subfield code="x">History</subfield><subfield code="z">England</subfield><subfield code="y">16th century</subfield></datafield><datafield ind1=" " ind2="0" tag="650"><subfield code="a">Authors and readers</subfield><subfield code="x">History</subfield><subfield code="z">England</subfield><subfield code="y">17th century</subfield></datafield><datafield ind1=" " ind2="0" tag="650"><subfield code="a">English language</subfield><subfield code="x">Style</subfield><subfield code="y">Early modern, 1500-1700</subfield></datafield><datafield ind1=" " ind2="7" tag="650"><subfield code="a">Literarischer Stil</subfield><subfield code="2">idszbz</subfield></datafield><datafield ind1=" " ind2="7" tag="650"><subfield code="a">Textkritik</subfield><subfield code="2">idszbz</subfield></datafield><datafield ind1=" " ind2="7" tag="650"><subfield code="a">Authorship</subfield><subfield code="x">History</subfield><subfield code="y">16th-17th century</subfield><subfield code="2">idszbzes</subfield></datafield><datafield ind1=" " ind2="7" tag="650"><subfield code="a">Lesedrama</subfield><subfield code="0">(DE-588)4167432-7</subfield><subfield code="2">gnd</subfield></datafield><datafield ind1=" " ind2="0" tag="650"><subfield code="a">Authors and readers</subfield><subfield code="x">History</subfield><subfield code="y">16th century</subfield></datafield><datafield ind1=" " ind2="0" tag="650"><subfield code="a">Authors and readers</subfield><subfield code="x">History</subfield><subfield code="y">17th century</subfield></datafield><datafield ind1=" " ind2=" " tag="900"><subfield code="a">IDSZ2zbzmon200304f</subfield><subfield code="c">IDSZ2kobe</subfield><subfield code="d">IDSZ2zbzswk200305b</subfield><subfield code="e">IDSZ2stor</subfield></datafield><datafield ind1=" " ind2=" " tag="900"><subfield code="a">IDSZ2esmon200308l</subfield><subfield code="c">IDSZ2beda</subfield><subfield code="d">IDSZ2esswk200308b</subfield><subfield code="e">IDSZ2leud</subfield></datafield></record>
</metadata></record>