<record><header><identifier>oai:alma.41SLSP_UGE:991000766569705502</identifier><datestamp>2023-03-01T01:09:47Z</datestamp><setSpec>uge_bcen_RapidILL_BOOK</setSpec><setSpec>uge_aaca_RapidILL_BOOK</setSpec><setSpec>uge_abels_RapidILL_BOOK</setSpec><setSpec>uge_dbu_RapidILL_BOOK</setSpec><setSpec>uge_cmu_RapidILL_BOOK</setSpec><setSpec>uge_mail_RapidILL_BOOK</setSpec><setSpec>UNIGE_ALL</setSpec><setSpec>uge_abbat_RapidILL_BOOK</setSpec><setSpec>uge_acar_RapidILL_BOOK</setSpec><setSpec>uge_aobs_RapidILL_BOOK</setSpec></header><metadata>
<record xmlns="http://www.loc.gov/MARC21/slim" xmlns:xsi="http://www.w3.org/2001/XMLSchema-instance" xsi:schemaLocation="http://www.loc.gov/MARC21/slim http://www.loc.gov/standards/marcxml/schema/MARC21slim.xsd"><leader>02745nam a2200697 c 4500</leader><controlfield tag="001">991000766569705502</controlfield><controlfield tag="005">20230128192736.0</controlfield><controlfield tag="008">201012s2017    sz       b||| 001 0deng|d</controlfield><datafield ind1=" " ind2=" " tag="010"><subfield code="a">2017944101</subfield></datafield><datafield ind1=" " ind2=" " tag="020"><subfield code="a">3319591762</subfield></datafield><datafield ind1=" " ind2=" " tag="020"><subfield code="a">9783319591766</subfield><subfield code="q">hardcover</subfield></datafield><datafield ind1=" " ind2=" " tag="035"><subfield code="a">(swissbib)237867419-41slsp_network</subfield></datafield><datafield ind1=" " ind2=" " tag="035"><subfield code="a">237867419</subfield><subfield code="9">ExL</subfield></datafield><datafield ind1=" " ind2=" " tag="035"><subfield code="a">(IDSBB)006741340DSV01</subfield></datafield><datafield ind1=" " ind2=" " tag="035"><subfield code="a">(RERO)R009056617-41slsp</subfield></datafield><datafield ind1=" " ind2=" " tag="035"><subfield code="a">(OCoLC)985082705</subfield></datafield><datafield ind1=" " ind2=" " tag="035"><subfield code="a">(EXLNZ-41SLSP_NETWORK)991017290539705501</subfield></datafield><datafield ind1=" " ind2=" " tag="040"><subfield code="a">BTCTA</subfield><subfield code="b">ger</subfield><subfield code="e">rda</subfield><subfield code="d">CH-ZuSLS</subfield></datafield><datafield ind1=" " ind2=" " tag="044"><subfield code="a">sz</subfield><subfield code="c">ch-zg</subfield></datafield><datafield ind1=" " ind2="4" tag="050"><subfield code="a">PN771</subfield><subfield code="b">.R453 2017</subfield></datafield><datafield ind1=" " ind2="7" tag="072"><subfield code="a">an</subfield><subfield code="2">rero</subfield></datafield><datafield ind1=" " ind2="7" tag="072"><subfield code="a">ur</subfield><subfield code="2">rero</subfield></datafield><datafield ind1="0" ind2="4" tag="082"><subfield code="a">809/.04</subfield><subfield code="2">23</subfield></datafield><datafield ind1="0" ind2="4" tag="082"><subfield code="a">400</subfield><subfield code="2">23</subfield></datafield><datafield ind1="0" ind2="4" tag="082"><subfield code="a">809.1</subfield><subfield code="2">23</subfield></datafield><datafield ind1="1" ind2="4" tag="082"><subfield code="a">820</subfield><subfield code="2">15</subfield></datafield><datafield ind1=" " ind2=" " tag="084"><subfield code="a">400</subfield><subfield code="2">sdnb</subfield></datafield><datafield ind1=" " ind2=" " tag="084"><subfield code="a">HN 4655</subfield><subfield code="2">rvk</subfield></datafield><datafield ind1="1" ind2=" " tag="100"><subfield code="a">Reddick, Yvonne</subfield><subfield code="e">Verfasser</subfield><subfield code="4">aut</subfield></datafield><datafield ind1="1" ind2="0" tag="245"><subfield code="a">Ted Hughes</subfield><subfield code="b">environmentalist and ecopoet</subfield><subfield code="c">Yvonne Reddick</subfield></datafield><datafield ind1=" " ind2="1" tag="264"><subfield code="a">Cham, Switzerland</subfield><subfield code="b">Palgrave Macmillan</subfield><subfield code="c">[2017]</subfield></datafield><datafield ind1=" " ind2="4" tag="264"><subfield code="c">© 2017</subfield></datafield><datafield ind1=" " ind2=" " tag="300"><subfield code="a">xi, 343 Seiten</subfield></datafield><datafield ind1=" " ind2=" " tag="336"><subfield code="b">txt</subfield><subfield code="2">rdacontent</subfield></datafield><datafield ind1=" " ind2=" " tag="337"><subfield code="b">n</subfield><subfield code="2">rdamedia</subfield></datafield><datafield ind1=" " ind2=" " tag="338"><subfield code="b">nc</subfield><subfield code="2">rdacarrier</subfield></datafield><datafield ind1=" " ind2=" " tag="504"><subfield code="a">Includes bibliographical references, discography and filmography (pages 319-335) and index</subfield></datafield><datafield ind1=" " ind2=" " tag="520"><subfield code="a">This work is devoted entirely to Ted Hughes as an environmental activist and writer. Drawing on the rapidly-growing interest in poetry and the environment, the book deploys insights from ecopoetics, ecocriticism and Anthropocene studies to analyse how Hughes's poetry reflects his environmental awareness</subfield></datafield><datafield ind1="1" ind2="0" tag="600"><subfield code="a">Hughes, Ted</subfield><subfield code="d">1930-1998</subfield><subfield code="x">Criticism and interpretation</subfield></datafield><datafield ind1="1" ind2="7" tag="600"><subfield code="a">Hughes, Ted</subfield><subfield code="d">1930-1998</subfield><subfield code="2">fast</subfield></datafield><datafield ind1="1" ind2="7" tag="600"><subfield code="a">Hughes, Ted</subfield><subfield code="d">1930-1998</subfield><subfield code="0">(DE-588)11855459X</subfield><subfield code="2">gnd</subfield></datafield><datafield ind1="1" ind2="7" tag="600"><subfield code="a">Hughes, Ted</subfield><subfield code="d">1930-1998</subfield><subfield code="0">(IDREF)026927497</subfield><subfield code="2">idref</subfield></datafield><datafield ind1=" " ind2="7" tag="648"><subfield code="a">1900-1999</subfield><subfield code="2">fast</subfield></datafield><datafield ind1=" " ind2="0" tag="650"><subfield code="a">Poets, English</subfield><subfield code="y">20th century</subfield><subfield code="x">History and criticism</subfield></datafield><datafield ind1=" " ind2="0" tag="650"><subfield code="a">Ecocriticism</subfield></datafield><datafield ind1=" " ind2="0" tag="650"><subfield code="a">Nature conservation in literature</subfield></datafield><datafield ind1=" " ind2="0" tag="650"><subfield code="a">Environmental protection in literature</subfield></datafield><datafield ind1=" " ind2="0" tag="650"><subfield code="a">Ecology in literature</subfield></datafield><datafield ind1=" " ind2="7" tag="650"><subfield code="a">Ecocriticism</subfield><subfield code="2">fast</subfield></datafield><datafield ind1=" " ind2="7" tag="650"><subfield code="a">Ecology in literature</subfield><subfield code="2">fast</subfield></datafield><datafield ind1=" " ind2="7" tag="650"><subfield code="a">Environmental protection in literature</subfield><subfield code="2">fast</subfield></datafield><datafield ind1=" " ind2="7" tag="650"><subfield code="a">Nature conservation in literature</subfield><subfield code="2">fast</subfield></datafield><datafield ind1=" " ind2="7" tag="650"><subfield code="a">Poets, English</subfield><subfield code="2">fast</subfield></datafield><datafield ind1=" " ind2="7" tag="650"><subfield code="a">Ecocriticism</subfield><subfield code="0">(DE-588)4790005-2</subfield><subfield code="2">gnd</subfield></datafield><datafield ind1=" " ind2="7" tag="650"><subfield code="a">Écologie</subfield><subfield code="0">(IDREF)027232700</subfield><subfield code="2">idref</subfield></datafield><datafield ind1=" " ind2="7" tag="650"><subfield code="a">Environnement</subfield><subfield code="0">(IDREF)027772616</subfield><subfield code="2">idref</subfield></datafield><datafield ind1=" " ind2="7" tag="655"><subfield code="a">Criticism, interpretation, etc</subfield><subfield code="2">fast</subfield></datafield><datafield ind1="1" ind2=" " tag="700"><subfield code="a">Reddick, Yvonne J.</subfield><subfield code="4">aut</subfield></datafield><datafield ind1="4" ind2=" " tag="856"><subfield code="3">Inhaltsverzeichnis</subfield><subfield code="u">http://www.ub.unibas.ch/tox/IDSBB/006741340/PDF</subfield><subfield code="q">pdf</subfield></datafield><datafield ind1=" " ind2=" " tag="900"><subfield code="a">REROnoselfmerge</subfield></datafield><datafield ind1=" " ind2=" " tag="910"><subfield code="a">LOC</subfield><subfield code="b">20200702</subfield><subfield code="c">Réutilisation sous conditions</subfield></datafield><datafield ind1=" " ind2=" " tag="949"><subfield code="a">http://www.ub.unibas.ch/tox/IDSBB/006741340/PDF</subfield></datafield></record>
</metadata></record>