<record><header><identifier>oai:alma.41SLSP_UGE:991000765849705502</identifier><datestamp>2024-04-03T00:22:35Z</datestamp><setSpec>uge_bcen_RapidILL_BOOK</setSpec><setSpec>uge_aaca_RapidILL_BOOK</setSpec><setSpec>uge_abels_RapidILL_BOOK</setSpec><setSpec>uge_dbu_RapidILL_BOOK</setSpec><setSpec>uge_cmu_RapidILL_BOOK</setSpec><setSpec>uge_mail_RapidILL_BOOK</setSpec><setSpec>uge_abbat_RapidILL_BOOK</setSpec><setSpec>UNIGE_ALL</setSpec><setSpec>uge_acar_RapidILL_BOOK</setSpec><setSpec>uge_aobs_RapidILL_BOOK</setSpec></header><metadata>
<record xmlns="http://www.loc.gov/MARC21/slim" xmlns:xsi="http://www.w3.org/2001/XMLSchema-instance" xsi:schemaLocation="http://www.loc.gov/MARC21/slim http://www.loc.gov/standards/marcxml/schema/MARC21slim.xsd"><leader>02272nam a2200577 c 4500</leader><controlfield tag="001">991000765849705502</controlfield><controlfield tag="005">20240402152103.0</controlfield><controlfield tag="008">201011s1969    gw ||||| |||| 00| ||ger d</controlfield><datafield ind1=" " ind2=" " tag="035"><subfield code="a">(swissbib)230232647-41slsp_network</subfield></datafield><datafield ind1=" " ind2=" " tag="035"><subfield code="a">230232647</subfield><subfield code="9">ExL</subfield></datafield><datafield ind1=" " ind2=" " tag="035"><subfield code="a">(RERO)R240718760-41slsp</subfield></datafield><datafield ind1=" " ind2=" " tag="035"><subfield code="a">(NEBIS)003306777EBI01</subfield></datafield><datafield ind1=" " ind2=" " tag="035"><subfield code="a">(IDSBB)000234073DSV01</subfield></datafield><datafield ind1=" " ind2=" " tag="035"><subfield code="a">(EXLNZ-41SLSP_NETWORK)991019271939705501</subfield></datafield><datafield ind1=" " ind2=" " tag="040"><subfield code="a">RERO frbcuc</subfield><subfield code="d">CH-ZuSLS</subfield></datafield><datafield ind1=" " ind2="7" tag="072"><subfield code="a">al</subfield><subfield code="2">rero</subfield></datafield><datafield ind1=" " ind2="7" tag="072"><subfield code="a">sp</subfield><subfield code="2">SzZuIDS BS/BE</subfield></datafield><datafield ind1="1" ind2=" " tag="100"><subfield code="a">Dankert, Harald</subfield><subfield code="0">(RERO)A003154088</subfield><subfield code="4">aut</subfield></datafield><datafield ind1="1" ind2="0" tag="245"><subfield code="a">Sportsprache und Kommunikation</subfield><subfield code="b">Untersuchungen zur Struktur der Fussballsprache und zum Stil der Sportberichterstattung</subfield><subfield code="c">Harald Dankert</subfield></datafield><datafield ind1=" " ind2="1" tag="264"><subfield code="a">Tübingen</subfield><subfield code="b">Tübinger Vereinigung für Volkskunde</subfield><subfield code="c">1969</subfield></datafield><datafield ind1=" " ind2=" " tag="300"><subfield code="a">175 S.</subfield><subfield code="c">21 cm</subfield></datafield><datafield ind1=" " ind2=" " tag="336"><subfield code="b">txt</subfield><subfield code="2">rdacontent</subfield></datafield><datafield ind1=" " ind2=" " tag="337"><subfield code="b">n</subfield><subfield code="2">rdamedia</subfield></datafield><datafield ind1=" " ind2=" " tag="338"><subfield code="b">nc</subfield><subfield code="2">rdacarrier</subfield></datafield><datafield ind1="1" ind2=" " tag="490"><subfield code="a">Volksleben</subfield><subfield code="v">Bd. 25</subfield></datafield><datafield ind1=" " ind2=" " tag="502"><subfield code="a">Diss. phil. Univ. Tübingen, 1969</subfield></datafield><datafield ind1=" " ind2=" " tag="504"><subfield code="a">Bibliogr.</subfield></datafield><datafield ind1=" " ind2=" " tag="520"><subfield code="a">Sportsprache, Verbale-Kommunikation, Fussball, Fussballspieler, Sportberichterstattung, Sportjournalismus</subfield></datafield><datafield ind1=" " ind2="7" tag="650"><subfield code="a">Communication</subfield><subfield code="0">(IDREF)027321657</subfield><subfield code="2">idref</subfield></datafield><datafield ind1=" " ind2="7" tag="650"><subfield code="a">Style</subfield><subfield code="0">(IDREF)027792978</subfield><subfield code="2">idref</subfield></datafield><datafield ind1=" " ind2="7" tag="650"><subfield code="a">Football</subfield><subfield code="0">(IDREF)027226212</subfield><subfield code="2">idref</subfield></datafield><datafield ind1=" " ind2="7" tag="650"><subfield code="a">Sports</subfield><subfield code="0">(IDREF)027654702</subfield><subfield code="2">idref</subfield></datafield><datafield ind1=" " ind2="7" tag="650"><subfield code="a">Langues de spécialité</subfield><subfield code="0">(IDREF)029667356</subfield><subfield code="2">idref</subfield></datafield><datafield ind1=" " ind2="7" tag="650"><subfield code="a">Deutsch</subfield><subfield code="0">(DE-588)4113292-0</subfield><subfield code="2">gnd</subfield></datafield><datafield ind1=" " ind2="7" tag="650"><subfield code="a">Fußball</subfield><subfield code="0">(DE-588)4018968-5</subfield><subfield code="2">gnd</subfield></datafield><datafield ind1=" " ind2="7" tag="650"><subfield code="a">Sportberichterstattung</subfield><subfield code="0">(DE-588)4124238-5</subfield><subfield code="2">gnd</subfield></datafield><datafield ind1=" " ind2="7" tag="650"><subfield code="a">Sportsprache</subfield><subfield code="0">(DE-588)4182479-9</subfield><subfield code="2">gnd</subfield></datafield><datafield ind1=" " ind2="0" tag="650"><subfield code="a">Soccer</subfield><subfield code="v">Terminology</subfield></datafield><datafield ind1=" " ind2="0" tag="650"><subfield code="a">Sports journalism</subfield></datafield><datafield ind1=" " ind2="7" tag="655"><subfield code="a">Hochschulschrift</subfield><subfield code="2">gnd-content</subfield></datafield><datafield ind1=" " ind2=" " tag="690"><subfield code="a">Sport</subfield><subfield code="2">uzb-UG</subfield></datafield><datafield ind1=" " ind2=" " tag="690"><subfield code="a">Football - Terminologie - [Thèse]</subfield><subfield code="2">EHSM_f</subfield></datafield><datafield ind1=" " ind2=" " tag="690"><subfield code="a">Fussball - Terminologie - [Dissertation]</subfield><subfield code="2">EHSM_d</subfield></datafield><datafield ind1=" " ind2=" " tag="690"><subfield code="a">Sport - Terminologie - Médias - [Thèse]</subfield><subfield code="2">EHSM_f</subfield></datafield><datafield ind1=" " ind2=" " tag="690"><subfield code="a">Sportsprache - Medien - [Dissertation]</subfield><subfield code="2">EHSM_d</subfield></datafield><datafield ind1=" " ind2="0" tag="830"><subfield code="a">Volksleben</subfield><subfield code="v">25</subfield><subfield code="w">(NEBIS)001755062EBI01</subfield></datafield><datafield ind1=" " ind2="0" tag="830"><subfield code="a">Volksleben</subfield><subfield code="v">25</subfield><subfield code="w">(IDSBB)005233856DSV01</subfield></datafield><datafield ind1=" " ind2="0" tag="830"><subfield code="a">Volksleben</subfield><subfield code="v">25</subfield><subfield code="w">991106369559705501</subfield></datafield><datafield ind1=" " ind2=" " tag="900"><subfield code="a">REROnoselfmerge</subfield></datafield><datafield ind1=" " ind2=" " tag="900"><subfield code="a">IDSZRMedeaZBZ</subfield><subfield code="b">IDSZRSWK</subfield></datafield><datafield ind1=" " ind2=" " tag="900"><subfield code="a">IDSZRMedeaZBZ</subfield><subfield code="c">IDSZRkobe</subfield></datafield><datafield ind1=" " ind2=" " tag="900"><subfield code="f">IDSU2medea</subfield></datafield></record>
</metadata></record>