<record><header><identifier>oai:alma.41SLSP_UGE:991000766159705502</identifier><datestamp>2023-03-01T01:09:47Z</datestamp><setSpec>uge_bcen_RapidILL_BOOK</setSpec><setSpec>uge_aaca_RapidILL_BOOK</setSpec><setSpec>uge_abels_RapidILL_BOOK</setSpec><setSpec>uge_dbu_RapidILL_BOOK</setSpec><setSpec>uge_cmu_RapidILL_BOOK</setSpec><setSpec>uge_mail_RapidILL_BOOK</setSpec><setSpec>UNIGE_ALL</setSpec><setSpec>uge_abbat_RapidILL_BOOK</setSpec><setSpec>uge_aobs_RapidILL_BOOK</setSpec><setSpec>uge_acar_RapidILL_BOOK</setSpec></header><metadata>
<record xmlns="http://www.loc.gov/MARC21/slim" xmlns:xsi="http://www.w3.org/2001/XMLSchema-instance" xsi:schemaLocation="http://www.loc.gov/MARC21/slim http://www.loc.gov/standards/marcxml/schema/MARC21slim.xsd"><leader>01194ncm a2200289 c 4500</leader><controlfield tag="001">991000766159705502</controlfield><controlfield tag="005">20210206211821.0</controlfield><controlfield tag="008">001027s1998    gw ||l||            lat d</controlfield><datafield ind1="2" ind2=" " tag="024"><subfield code="a">M006497096</subfield></datafield><datafield ind1="3" ind2="2" tag="028"><subfield code="a">BA 5551</subfield></datafield><datafield ind1=" " ind2=" " tag="035"><subfield code="a">(swissbib)094843678-41slsp_network</subfield></datafield><datafield ind1=" " ind2=" " tag="035"><subfield code="a">094843678</subfield><subfield code="9">ExL</subfield></datafield><datafield ind1=" " ind2=" " tag="035"><subfield code="a">(RERO)R256888460-41slsp</subfield></datafield><datafield ind1=" " ind2=" " tag="035"><subfield code="a">(EXLNZ-41SLSP_NETWORK)991157212039705501</subfield></datafield><datafield ind1=" " ind2=" " tag="040"><subfield code="a">RERO labcur</subfield><subfield code="d">CH-ZuSLS</subfield></datafield><datafield ind1=" " ind2="7" tag="072"><subfield code="a">mu</subfield><subfield code="2">rero</subfield></datafield><datafield ind1="1" ind2=" " tag="100"><subfield code="a">Schubert, Franz</subfield><subfield code="d">1797-1828</subfield><subfield code="0">(IDREF)02734262X</subfield><subfield code="4">cre</subfield></datafield><datafield ind1="1" ind2="0" tag="245"><subfield code="a">Neue Ausgabe sämtlicher Werke</subfield><subfield code="c">Franz Schubert ; hrsg. von der Internationalen Schubert Gesellschaft.</subfield><subfield code="n">Serie 1, Band 5</subfield><subfield code="p">Messen-Sätze und Messen-Fragmente / vorgelegt von Manuela Jahrmärker und Volkmar von Pechstaedt</subfield></datafield><datafield ind1=" " ind2="1" tag="264"><subfield code="a">Kassel</subfield><subfield code="a">Basel [etc.]</subfield><subfield code="b">Bärenreiter</subfield><subfield code="c">1998</subfield></datafield><datafield ind1=" " ind2=" " tag="300"><subfield code="a">1 partition (XXV, 165 p.)</subfield><subfield code="b">ill.</subfield><subfield code="c">34 cm</subfield></datafield><datafield ind1=" " ind2=" " tag="336"><subfield code="b">ntm</subfield><subfield code="2">rdacontent</subfield></datafield><datafield ind1=" " ind2=" " tag="337"><subfield code="b">n</subfield><subfield code="2">rdamedia</subfield></datafield><datafield ind1=" " ind2=" " tag="338"><subfield code="b">nc</subfield><subfield code="2">rdacarrier</subfield></datafield><datafield ind1=" " ind2=" " tag="500"><subfield code="a">Les notes critiques &quot;Quellen und Lesarten&quot; sont publiées en fin de volume</subfield></datafield><datafield ind1="1" ind2=" " tag="700"><subfield code="a">Jahrmärker, Manuela</subfield><subfield code="d">19..-....</subfield><subfield code="0">(IDREF)131200992</subfield></datafield><datafield ind1="1" ind2=" " tag="700"><subfield code="a">Pechstaedt, Volkmar von</subfield><subfield code="0">(IDREF)140313532</subfield></datafield><datafield ind1="1" ind2=" " tag="800"><subfield code="a">Schubert, Franz</subfield><subfield code="d">1797-1828</subfield><subfield code="t">Neue Ausgabe sämtlicher Werke</subfield><subfield code="v">1,5</subfield></datafield><datafield ind1=" " ind2=" " tag="900"><subfield code="a">REROnoselfmerge</subfield></datafield></record>
</metadata></record>