<record><header><identifier>oai:alma.41SLSP_UGE:991000765949705502</identifier><datestamp>2023-03-01T01:09:47Z</datestamp><setSpec>uge_bcen_RapidILL_BOOK</setSpec><setSpec>uge_aaca_RapidILL_BOOK</setSpec><setSpec>uge_abels_RapidILL_BOOK</setSpec><setSpec>uge_dbu_RapidILL_BOOK</setSpec><setSpec>uge_cmu_RapidILL_BOOK</setSpec><setSpec>uge_mail_RapidILL_BOOK</setSpec><setSpec>UNIGE_ALL</setSpec><setSpec>uge_abbat_RapidILL_BOOK</setSpec><setSpec>uge_aobs_RapidILL_BOOK</setSpec><setSpec>uge_acar_RapidILL_BOOK</setSpec></header><metadata>
<record xmlns="http://www.loc.gov/MARC21/slim" xmlns:xsi="http://www.w3.org/2001/XMLSchema-instance" xsi:schemaLocation="http://www.loc.gov/MARC21/slim http://www.loc.gov/standards/marcxml/schema/MARC21slim.xsd"><leader>01463nam a2200289 c 4500</leader><controlfield tag="001">991000765949705502</controlfield><controlfield tag="005">20210130184430.0</controlfield><controlfield tag="008">970602s1996    be ||||| |||| 00| ||fre d</controlfield><datafield ind1=" " ind2=" " tag="020"><subfield code="a">2804123693</subfield></datafield><datafield ind1="7" ind2=" " tag="024"><subfield code="a">http://catalogue.bnf.fr/ark:/12148/cb43443157c</subfield><subfield code="2">uri</subfield></datafield><datafield ind1=" " ind2=" " tag="035"><subfield code="a">(swissbib)092237703-41slsp_network</subfield></datafield><datafield ind1=" " ind2=" " tag="035"><subfield code="a">092237703</subfield><subfield code="9">ExL</subfield></datafield><datafield ind1=" " ind2=" " tag="035"><subfield code="a">(RERO)R215304860-41slsp</subfield></datafield><datafield ind1=" " ind2=" " tag="035"><subfield code="a">(EXLNZ-41SLSP_NETWORK)991124019929705501</subfield></datafield><datafield ind1=" " ind2=" " tag="040"><subfield code="a">RERO neubfl</subfield><subfield code="d">CH-ZuSLS</subfield></datafield><datafield ind1=" " ind2="7" tag="072"><subfield code="a">pe</subfield><subfield code="2">rero</subfield></datafield><datafield ind1="1" ind2=" " tag="100"><subfield code="a">Speeckaert, Georges Patrick</subfield><subfield code="0">(IDREF)088667693</subfield><subfield code="4">cre</subfield></datafield><datafield ind1="1" ind2="0" tag="245"><subfield code="a">Livres scolaires d'autrefois</subfield><subfield code="b">de 1840 à 1940</subfield><subfield code="c">Georges Patrick Speeckaert</subfield></datafield><datafield ind1=" " ind2="1" tag="264"><subfield code="a">Bruxelles</subfield><subfield code="b">DeBoeck &amp; Larcier</subfield><subfield code="c">[1996]</subfield></datafield><datafield ind1=" " ind2="4" tag="264"><subfield code="c">© 1996</subfield></datafield><datafield ind1=" " ind2=" " tag="300"><subfield code="a">189 p.</subfield><subfield code="b">ill.</subfield><subfield code="c">28 cm</subfield></datafield><datafield ind1=" " ind2=" " tag="336"><subfield code="b">txt</subfield><subfield code="2">rdacontent</subfield></datafield><datafield ind1=" " ind2=" " tag="337"><subfield code="b">n</subfield><subfield code="2">rdamedia</subfield></datafield><datafield ind1=" " ind2=" " tag="338"><subfield code="b">nc</subfield><subfield code="2">rdacarrier</subfield></datafield><datafield ind1="8" ind2=" " tag="520"><subfield code="a">Fruit d'un travail de recherche passionné, cet ouvrage d'affection fait revivre l'école d'autrefois à travers plus d'une centaine d'extraits savoureux de manuels scolaires édités entre 1840 et 1940. Ce florilège sera pour les uns l'extraordinaire fil d'Ariane de leurs souvenirs, pour les autres le miroir charmant et plein d'humour d'un temps passé. Le lecteur se surprendra à découvrir ou redécouvrir dans ces pages des enseignements souvent bien utiles et que l'on ne connaît plus aujourd'hui. (4e de couv.)</subfield><subfield code="5">RERO/njhep-/12.2011</subfield></datafield><datafield ind1=" " ind2="7" tag="650"><subfield code="a">manuel scolaire</subfield><subfield code="0">(RERO)A010007376</subfield><subfield code="2">rerovoc</subfield></datafield><datafield ind1=" " ind2="7" tag="650"><subfield code="a">1840-1940</subfield><subfield code="2">rero</subfield></datafield><datafield ind1=" " ind2=" " tag="900"><subfield code="a">REROnoselfmerge</subfield></datafield></record>
</metadata></record>