<record><header><identifier>oai:alma.41SLSP_UGE:991000765569705502</identifier><datestamp>2023-03-01T01:09:47Z</datestamp><setSpec>uge_bcen_RapidILL_BOOK</setSpec><setSpec>uge_aaca_RapidILL_BOOK</setSpec><setSpec>uge_abels_RapidILL_BOOK</setSpec><setSpec>uge_dbu_RapidILL_BOOK</setSpec><setSpec>uge_cmu_RapidILL_BOOK</setSpec><setSpec>uge_mail_RapidILL_BOOK</setSpec><setSpec>UNIGE_ALL</setSpec><setSpec>uge_abbat_RapidILL_BOOK</setSpec><setSpec>uge_aobs_RapidILL_BOOK</setSpec><setSpec>uge_acar_RapidILL_BOOK</setSpec></header><metadata>
<record xmlns="http://www.loc.gov/MARC21/slim" xmlns:xsi="http://www.w3.org/2001/XMLSchema-instance" xsi:schemaLocation="http://www.loc.gov/MARC21/slim http://www.loc.gov/standards/marcxml/schema/MARC21slim.xsd"><leader>01396nam a2200349 c 4500</leader><controlfield tag="001">991000765569705502</controlfield><controlfield tag="005">20201227170317.0</controlfield><controlfield tag="008">190514s2009    bl a     b    001 0 por d</controlfield><datafield ind1=" " ind2=" " tag="020"><subfield code="a">8573263962</subfield></datafield><datafield ind1=" " ind2=" " tag="020"><subfield code="a">9788573263961</subfield></datafield><datafield ind1=" " ind2=" " tag="035"><subfield code="a">(swissbib)125683103-41slsp_network</subfield></datafield><datafield ind1=" " ind2=" " tag="035"><subfield code="a">125683103</subfield><subfield code="9">ExL</subfield></datafield><datafield ind1=" " ind2=" " tag="035"><subfield code="a">(RERO)R008924597-41slsp</subfield></datafield><datafield ind1=" " ind2=" " tag="035"><subfield code="a">(EXLNZ-41SLSP_NETWORK)991102889139705501</subfield></datafield><datafield ind1=" " ind2=" " tag="040"><subfield code="a">COO</subfield><subfield code="b">eng</subfield><subfield code="d">CH-ZuSLS</subfield></datafield><datafield ind1="0" ind2="0" tag="050"><subfield code="a">ML232</subfield><subfield code="b">.S46 2008</subfield></datafield><datafield ind1=" " ind2="7" tag="072"><subfield code="a">es</subfield><subfield code="2">rero</subfield></datafield><datafield ind1="1" ind2=" " tag="100"><subfield code="a">Severiano, Jairo</subfield><subfield code="4">aut</subfield></datafield><datafield ind1="1" ind2="0" tag="245"><subfield code="a">&lt;&lt;Uma&gt;&gt; história da música popular brasileira</subfield><subfield code="b">das origens à modernidade</subfield><subfield code="c">Jairo Severiano</subfield></datafield><datafield ind1=" " ind2=" " tag="250"><subfield code="a">2a edição.</subfield></datafield><datafield ind1=" " ind2="1" tag="264"><subfield code="a">São Paulo</subfield><subfield code="b">Editora 34</subfield><subfield code="c">2009</subfield></datafield><datafield ind1=" " ind2=" " tag="300"><subfield code="a">499 pages</subfield><subfield code="b">illustrations</subfield><subfield code="c">23 cm</subfield></datafield><datafield ind1=" " ind2=" " tag="336"><subfield code="b">txt</subfield><subfield code="2">rdacontent</subfield></datafield><datafield ind1=" " ind2=" " tag="337"><subfield code="b">n</subfield><subfield code="2">rdamedia</subfield></datafield><datafield ind1=" " ind2=" " tag="338"><subfield code="b">nc</subfield><subfield code="2">rdacarrier</subfield></datafield><datafield ind1=" " ind2=" " tag="504"><subfield code="a">Includes bibliographical references and index</subfield></datafield><datafield ind1="0" ind2=" " tag="505"><subfield code="a">Primeiro tempo : a formação (1770-1928) -- Segundo tempo : a consolidação (1929-1945) -- Terceiro tempo : a transição (1946-1957) -- Quarto tempo : a modernização (1958- )</subfield></datafield><datafield ind1=" " ind2="0" tag="650"><subfield code="a">Music</subfield><subfield code="z">Brazil</subfield><subfield code="x">History and criticism</subfield></datafield><datafield ind1=" " ind2="0" tag="650"><subfield code="a">Popular music</subfield><subfield code="z">Brazil</subfield><subfield code="x">History and criticism</subfield></datafield><datafield ind1=" " ind2="7" tag="650"><subfield code="a">Musique populaire brésilienne</subfield><subfield code="0">(RERO)A023631377</subfield><subfield code="2">rero</subfield></datafield><datafield ind1=" " ind2="7" tag="650"><subfield code="a">18e siècle (fin)-20e siècle</subfield><subfield code="0">(RERO)A022559788</subfield><subfield code="2">rero</subfield></datafield><datafield ind1=" " ind2=" " tag="900"><subfield code="a">REROnoselfmerge</subfield></datafield><datafield ind1=" " ind2=" " tag="910"><subfield code="a">OCoLC</subfield><subfield code="b">20190514</subfield><subfield code="c">Réutilisation sous conditions: Licence ODC-BY</subfield></datafield><datafield ind1=" " ind2=" " tag="993"><subfield code="a">BFLA 290369</subfield><subfield code="x">ge/ulpo19/731-2</subfield><subfield code="9">LOCAL</subfield></datafield></record>
</metadata></record>