<record><header><identifier>oai:alma.41SLSP_UGE:991000766189705502</identifier><datestamp>2023-03-01T01:09:47Z</datestamp><setSpec>uge_bcen_RapidILL_BOOK</setSpec><setSpec>uge_aaca_RapidILL_BOOK</setSpec><setSpec>uge_abels_RapidILL_BOOK</setSpec><setSpec>uge_dbu_RapidILL_BOOK</setSpec><setSpec>uge_cmu_RapidILL_BOOK</setSpec><setSpec>uge_mail_RapidILL_BOOK</setSpec><setSpec>UNIGE_ALL</setSpec><setSpec>uge_abbat_RapidILL_BOOK</setSpec><setSpec>uge_acar_RapidILL_BOOK</setSpec><setSpec>uge_aobs_RapidILL_BOOK</setSpec></header><metadata>
<record xmlns="http://www.loc.gov/MARC21/slim" xmlns:xsi="http://www.w3.org/2001/XMLSchema-instance" xsi:schemaLocation="http://www.loc.gov/MARC21/slim http://www.loc.gov/standards/marcxml/schema/MARC21slim.xsd"><leader>02777nam a22005892c 4500</leader><controlfield tag="001">991000766189705502</controlfield><controlfield tag="005">20230206222703.0</controlfield><controlfield tag="008">201012s1980    ne ||||| |||| 00| ||dut d</controlfield><datafield ind1=" " ind2=" " tag="020"><subfield code="a">0444855017</subfield></datafield><datafield ind1=" " ind2=" " tag="035"><subfield code="a">(swissbib)236513354-41slsp_network</subfield></datafield><datafield ind1=" " ind2=" " tag="035"><subfield code="a">236513354</subfield><subfield code="9">ExL</subfield></datafield><datafield ind1=" " ind2=" " tag="035"><subfield code="a">(RERO)2228914-41slsp</subfield></datafield><datafield ind1=" " ind2=" " tag="035"><subfield code="a">(NEBIS)003131523EBI01</subfield></datafield><datafield ind1=" " ind2=" " tag="035"><subfield code="a">(IDSBB)000025441DSV01</subfield></datafield><datafield ind1=" " ind2=" " tag="035"><subfield code="a">(EXLNZ-41SLSP_NETWORK)991053732499705501</subfield></datafield><datafield ind1=" " ind2=" " tag="040"><subfield code="a">RERO gevbpu</subfield><subfield code="d">CH-ZuSLS</subfield></datafield><datafield ind1=" " ind2=" " tag="044"><subfield code="a">ne</subfield><subfield code="a">xxk</subfield></datafield><datafield ind1=" " ind2="7" tag="072"><subfield code="a">th</subfield><subfield code="2">rero</subfield></datafield><datafield ind1=" " ind2="7" tag="072"><subfield code="a">th</subfield><subfield code="2">SzZuIDS BS/BE</subfield></datafield><datafield ind1="0" ind2="4" tag="082"><subfield code="a">225.6/09492</subfield><subfield code="2">19</subfield></datafield><datafield ind1=" " ind2=" " tag="084"><subfield code="a">AX 33040</subfield><subfield code="2">rvk</subfield></datafield><datafield ind1="1" ind2=" " tag="100"><subfield code="a">Jonge, Henk Jan de</subfield><subfield code="d">1943-....</subfield><subfield code="0">(IDREF)030291631</subfield><subfield code="4">cre</subfield></datafield><datafield ind1="1" ind2="0" tag="245"><subfield code="a">&lt;&lt;De&gt;&gt; bestudering van het Nieuwe Testament aan de Noordnederlandse universiteiten en het Remonstrants Seminarie van 1575 tot 1700</subfield><subfield code="c">H.J. de Jonge</subfield></datafield><datafield ind1=" " ind2="1" tag="264"><subfield code="a">Amsterdam [etc.]</subfield><subfield code="b">Noord-Hollandse uitgevers maatschappij</subfield><subfield code="c">1980</subfield></datafield><datafield ind1=" " ind2=" " tag="300"><subfield code="a">99 p.</subfield><subfield code="b">ill.</subfield><subfield code="c">26 cm</subfield></datafield><datafield ind1=" " ind2=" " tag="336"><subfield code="b">txt</subfield><subfield code="2">rdacontent</subfield></datafield><datafield ind1=" " ind2=" " tag="337"><subfield code="b">n</subfield><subfield code="2">rdamedia</subfield></datafield><datafield ind1=" " ind2=" " tag="338"><subfield code="b">nc</subfield><subfield code="2">rdacarrier</subfield></datafield><datafield ind1="1" ind2=" " tag="490"><subfield code="a">Verhandelingen der Koninklijke nederlandse Akademie van Wetenschappen. Afd. Letterkunde. Nieuwe reeks</subfield><subfield code="v">deel 106</subfield></datafield><datafield ind1=" " ind2=" " tag="500"><subfield code="a">Avec résumé anglais: The study of the New Testament in Dutch universities and the Armenian [sic pour Arminian] Seminary, 1575-1700</subfield></datafield><datafield ind1=" " ind2=" " tag="504"><subfield code="a">Bibliogr.: p. 85-90</subfield></datafield><datafield ind1="2" ind2="7" tag="610"><subfield code="a">Remonstrants</subfield><subfield code="0">(RERO)A013297207</subfield><subfield code="2">rero</subfield></datafield><datafield ind1="0" ind2="7" tag="630"><subfield code="a">Bible</subfield><subfield code="p">NT</subfield><subfield code="0">(RERO)A009967469</subfield><subfield code="2">rero</subfield></datafield><datafield ind1="0" ind2="7" tag="630"><subfield code="a">Bibel</subfield><subfield code="p">Neues Testament</subfield><subfield code="0">(DE-588)4041771-2</subfield><subfield code="2">gnd</subfield></datafield><datafield ind1="0" ind2="0" tag="630"><subfield code="a">Bible</subfield><subfield code="p">New Testament</subfield><subfield code="x">Criticism, interpretation, etc</subfield><subfield code="x">History</subfield><subfield code="y">16th century</subfield></datafield><datafield ind1="0" ind2="0" tag="630"><subfield code="a">Bible</subfield><subfield code="p">New Testament</subfield><subfield code="x">Criticism, interpretation, etc</subfield><subfield code="x">History</subfield><subfield code="y">17th century</subfield></datafield><datafield ind1="0" ind2="0" tag="630"><subfield code="a">Bible</subfield><subfield code="p">New Testament</subfield><subfield code="x">Criticism, interpretation, etc</subfield><subfield code="x">History</subfield><subfield code="y">18th century</subfield></datafield><datafield ind1="0" ind2="0" tag="630"><subfield code="a">Bible</subfield><subfield code="p">New Testament</subfield><subfield code="x">Criticism, interpretation, etc</subfield><subfield code="z">Netherlands</subfield></datafield><datafield ind1=" " ind2="7" tag="648"><subfield code="a">Geschichte 1575-1700</subfield><subfield code="2">gnd</subfield></datafield><datafield ind1=" " ind2="7" tag="650"><subfield code="a">Enseignement supérieur</subfield><subfield code="0">(IDREF)027335747</subfield><subfield code="2">idref</subfield></datafield><datafield ind1=" " ind2="7" tag="650"><subfield code="a">1575-1700</subfield><subfield code="2">rero</subfield></datafield><datafield ind1=" " ind2="7" tag="650"><subfield code="a">Universités</subfield><subfield code="0">(IDREF)027254879</subfield><subfield code="2">idref</subfield></datafield><datafield ind1=" " ind2="7" tag="650"><subfield code="a">Forschung</subfield><subfield code="0">(DE-588)4017894-8</subfield><subfield code="2">gnd</subfield></datafield><datafield ind1=" " ind2="7" tag="650"><subfield code="a">Neues Testament</subfield><subfield code="2">idsbb</subfield></datafield><datafield ind1=" " ind2="7" tag="650"><subfield code="a">Evangelische Theologie</subfield><subfield code="z">Niederlande</subfield><subfield code="2">idsbb</subfield></datafield><datafield ind1=" " ind2="7" tag="651"><subfield code="a">Pays-Bas</subfield><subfield code="0">(IDREF)027252361</subfield><subfield code="2">idref</subfield></datafield><datafield ind1=" " ind2=" " tag="690"><subfield code="a">Niederlande / Wissenschaft</subfield><subfield code="2">uzb-Z9</subfield></datafield><datafield ind1="1" ind2=" " tag="700"><subfield code="a">Jonge, Henk Jan &lt;&lt;de&gt;&gt;</subfield><subfield code="d">1943-2022</subfield><subfield code="0">(DE-588)136603270</subfield></datafield><datafield ind1=" " ind2="0" tag="830"><subfield code="a">Verhandelingen der Koninklijke Nederlandse Akademie van Wetenschappen, Afd. Letterkunde</subfield><subfield code="p">Nieuwe reeks</subfield><subfield code="v">106</subfield><subfield code="w">(NEBIS)000536011EBI01</subfield></datafield><datafield ind1=" " ind2="0" tag="830"><subfield code="a">Verhandelingen</subfield><subfield code="p">Afdeling letterkunde</subfield><subfield code="p">Nieuwe reeks</subfield><subfield code="v">106</subfield><subfield code="w">(IDSBB)000028330DSV01</subfield></datafield><datafield ind1=" " ind2="0" tag="830"><subfield code="a">Verhandelingen der Koninklijke Nederlandse Akademie van Wetenschappen</subfield><subfield code="p">Afd. Letterkunde.</subfield><subfield code="p">Nieuwe reeks</subfield><subfield code="v">106</subfield><subfield code="w">(RERO)0137941-41slsp</subfield></datafield><datafield ind1=" " ind2=" " tag="900"><subfield code="a">REROnoselfmerge</subfield></datafield><datafield ind1=" " ind2=" " tag="900"><subfield code="a">IDSZRMedeaZBZ</subfield></datafield><datafield ind1=" " ind2=" " tag="993"><subfield code="a">IHR LBR 628</subfield><subfield code="x">ge/uihr/3902</subfield><subfield code="9">LOCAL</subfield></datafield></record>
</metadata></record>