<record><header><identifier>oai:alma.41SLSP_UGE:991000765679705502</identifier><datestamp>2023-10-19T00:46:30Z</datestamp><setSpec>uge_bcen_RapidILL_BOOK</setSpec><setSpec>uge_aaca_RapidILL_BOOK</setSpec><setSpec>uge_abels_RapidILL_BOOK</setSpec><setSpec>uge_dbu_RapidILL_BOOK</setSpec><setSpec>uge_cmu_RapidILL_BOOK</setSpec><setSpec>uge_mail_RapidILL_BOOK</setSpec><setSpec>uge_abbat_RapidILL_BOOK</setSpec><setSpec>UNIGE_ALL</setSpec><setSpec>uge_aobs_RapidILL_BOOK</setSpec><setSpec>uge_acar_RapidILL_BOOK</setSpec></header><metadata>
<record xmlns="http://www.loc.gov/MARC21/slim" xmlns:xsi="http://www.w3.org/2001/XMLSchema-instance" xsi:schemaLocation="http://www.loc.gov/MARC21/slim http://www.loc.gov/standards/marcxml/schema/MARC21slim.xsd"><leader>03388nam a2200865 c 4500</leader><controlfield tag="001">991000765679705502</controlfield><controlfield tag="005">20230823090330.0</controlfield><controlfield tag="008">201012t20152015gw ||||| |||| 00| ||eng d</controlfield><datafield ind1=" " ind2=" " tag="010"><subfield code="a">2015050724</subfield></datafield><datafield ind1=" " ind2=" " tag="020"><subfield code="a">3631665261</subfield><subfield code="q">Print</subfield></datafield><datafield ind1=" " ind2=" " tag="020"><subfield code="a">9783631665268</subfield><subfield code="q">Print</subfield></datafield><datafield ind1=" " ind2=" " tag="020"><subfield code="z">9783653058536</subfield><subfield code="q">E-Book</subfield></datafield><datafield ind1=" " ind2=" " tag="035"><subfield code="a">(swissbib)238886204-41slsp_network</subfield></datafield><datafield ind1=" " ind2=" " tag="035"><subfield code="a">238886204</subfield><subfield code="9">ExL</subfield></datafield><datafield ind1=" " ind2=" " tag="035"><subfield code="a">(RERO)R008505076-41slsp</subfield></datafield><datafield ind1=" " ind2=" " tag="035"><subfield code="a">(IDSBB)006496077DSV01</subfield></datafield><datafield ind1=" " ind2=" " tag="035"><subfield code="a">(NEBIS)010596047EBI01</subfield></datafield><datafield ind1=" " ind2=" " tag="035"><subfield code="a">(OCoLC)936205233</subfield></datafield><datafield ind1=" " ind2=" " tag="035"><subfield code="a">(EXLNZ-41SLSP_NETWORK)991088160109705501</subfield></datafield><datafield ind1=" " ind2=" " tag="040"><subfield code="a">DLC</subfield><subfield code="b">ger</subfield><subfield code="e">rda</subfield><subfield code="d">CH-ZuSLS</subfield></datafield><datafield ind1=" " ind2=" " tag="042"><subfield code="a">pcc</subfield></datafield><datafield ind1=" " ind2=" " tag="043"><subfield code="a">ee-----</subfield><subfield code="a">ec-----</subfield></datafield><datafield ind1="0" ind2="0" tag="050"><subfield code="a">JC599.E92</subfield><subfield code="b">P54 2016</subfield></datafield><datafield ind1=" " ind2="7" tag="072"><subfield code="a">po</subfield><subfield code="2">SzZuIDS BS/BE</subfield></datafield><datafield ind1=" " ind2="7" tag="072"><subfield code="a">og</subfield><subfield code="2">SzZuIDS BS/BE</subfield></datafield><datafield ind1="7" ind2="4" tag="082"><subfield code="a">320</subfield><subfield code="2">23sdnb</subfield></datafield><datafield ind1="0" ind2="0" tag="082"><subfield code="a">306.20947</subfield><subfield code="2">23</subfield></datafield><datafield ind1="1" ind2="4" tag="082"><subfield code="a">940</subfield><subfield code="2">15</subfield></datafield><datafield ind1="1" ind2="4" tag="082"><subfield code="a">320</subfield><subfield code="2">15</subfield></datafield><datafield ind1=" " ind2=" " tag="084"><subfield code="a">320</subfield><subfield code="2">sdnb</subfield></datafield><datafield ind1=" " ind2=" " tag="084"><subfield code="a">MG 80075</subfield><subfield code="2">rvk</subfield></datafield><datafield ind1="1" ind2=" " tag="100"><subfield code="a">Pietrzyk-Reeves, Dorota</subfield><subfield code="d">1975-</subfield><subfield code="6">880-01</subfield><subfield code="0">(DE-588)1091588562</subfield><subfield code="e">Verfasser</subfield><subfield code="4">aut</subfield></datafield><datafield ind1="1" ind2=" " tag="880"><subfield code="6">100-01</subfield><subfield code="a">Pietrzyk-Reeves, Dorota</subfield><subfield code="d">1975-</subfield><subfield code="0">(IDREF)175409064</subfield><subfield code="4">aut</subfield></datafield><datafield ind1="1" ind2="0" tag="245"><subfield code="a">Civil society, democracy and democratization</subfield><subfield code="c">Dorota Pietrzyk-Reeves</subfield></datafield><datafield ind1=" " ind2="1" tag="264"><subfield code="a">Frankfurt am Main</subfield><subfield code="a">Bern</subfield><subfield code="a">Bruxelles</subfield><subfield code="a">New York</subfield><subfield code="a">Oxford</subfield><subfield code="a">Warszawa</subfield><subfield code="a">Wien</subfield><subfield code="b">Peter Lang Edition</subfield><subfield code="c">[2015]</subfield></datafield><datafield ind1=" " ind2="4" tag="264"><subfield code="c">© 2015</subfield></datafield><datafield ind1=" " ind2=" " tag="300"><subfield code="a">208 Seiten</subfield></datafield><datafield ind1=" " ind2=" " tag="336"><subfield code="b">txt</subfield><subfield code="2">rdacontent</subfield></datafield><datafield ind1=" " ind2=" " tag="337"><subfield code="b">n</subfield><subfield code="2">rdamedia</subfield></datafield><datafield ind1=" " ind2=" " tag="338"><subfield code="b">nc</subfield><subfield code="2">rdacarrier</subfield></datafield><datafield ind1="1" ind2=" " tag="490"><subfield code="a">Warsaw studies in philosophy and social sciences</subfield><subfield code="v">volume 6</subfield></datafield><datafield ind1=" " ind2="7" tag="648"><subfield code="a">Since 1989</subfield><subfield code="2">fast</subfield></datafield><datafield ind1=" " ind2="7" tag="648"><subfield code="a">Geschichte 1989-</subfield><subfield code="2">gnd</subfield></datafield><datafield ind1=" " ind2="7" tag="650"><subfield code="a">Démocratisation</subfield><subfield code="0">(IDREF)050808699</subfield><subfield code="2">idref</subfield></datafield><datafield ind1=" " ind2="7" tag="650"><subfield code="a">Démocratie</subfield><subfield code="0">(IDREF)027358054</subfield><subfield code="2">idref</subfield></datafield><datafield ind1=" " ind2="7" tag="650"><subfield code="a">Société civile</subfield><subfield code="0">(IDREF)028697057</subfield><subfield code="2">idref</subfield></datafield><datafield ind1=" " ind2="7" tag="650"><subfield code="a">Demokratisierung</subfield><subfield code="0">(DE-588)4124941-0</subfield><subfield code="2">gnd</subfield></datafield><datafield ind1=" " ind2="7" tag="650"><subfield code="a">Postkommunismus</subfield><subfield code="0">(DE-588)4998161-4</subfield><subfield code="2">gnd</subfield></datafield><datafield ind1=" " ind2="7" tag="650"><subfield code="a">Politische Beteiligung</subfield><subfield code="0">(DE-588)4076215-4</subfield><subfield code="2">gnd</subfield></datafield><datafield ind1=" " ind2="7" tag="650"><subfield code="a">Politische Theorie</subfield><subfield code="0">(DE-588)4046563-9</subfield><subfield code="2">gnd</subfield></datafield><datafield ind1=" " ind2="7" tag="650"><subfield code="a">Civil society</subfield><subfield code="2">fast</subfield></datafield><datafield ind1=" " ind2="7" tag="650"><subfield code="a">Democracy</subfield><subfield code="2">fast</subfield></datafield><datafield ind1=" " ind2="7" tag="650"><subfield code="a">Democratization</subfield><subfield code="2">fast</subfield></datafield><datafield ind1=" " ind2="7" tag="650"><subfield code="a">Politics and government</subfield><subfield code="2">fast</subfield></datafield><datafield ind1=" " ind2="0" tag="650"><subfield code="a">Civil society</subfield><subfield code="z">Europe, Central</subfield></datafield><datafield ind1=" " ind2="0" tag="650"><subfield code="a">Civil society</subfield><subfield code="z">Europe, Eastern</subfield></datafield><datafield ind1=" " ind2="0" tag="650"><subfield code="a">Democracy</subfield><subfield code="z">Europe, Central</subfield></datafield><datafield ind1=" " ind2="0" tag="650"><subfield code="a">Democracy</subfield><subfield code="z">Europe, Eastern</subfield></datafield><datafield ind1=" " ind2="0" tag="650"><subfield code="a">Democratization</subfield><subfield code="z">Europe, Central</subfield></datafield><datafield ind1=" " ind2="0" tag="650"><subfield code="a">Democratization</subfield><subfield code="z">Europe, Eastern</subfield></datafield><datafield ind1=" " ind2="7" tag="650"><subfield code="a">Zivilgesellschaft</subfield><subfield code="0">(DE-588)7668631-0</subfield><subfield code="2">gnd</subfield></datafield><datafield ind1=" " ind2="7" tag="650"><subfield code="a">Demokratie</subfield><subfield code="0">(DE-588)4011413-2</subfield><subfield code="2">gnd</subfield></datafield><datafield ind1=" " ind2="7" tag="651"><subfield code="a">Europe, Central</subfield><subfield code="2">fast</subfield></datafield><datafield ind1=" " ind2="7" tag="651"><subfield code="a">Europe, Eastern</subfield><subfield code="2">fast</subfield></datafield><datafield ind1=" " ind2="0" tag="651"><subfield code="a">Europe, Central</subfield><subfield code="x">Politics and government</subfield><subfield code="y">1989-</subfield></datafield><datafield ind1=" " ind2="0" tag="651"><subfield code="a">Europe, Eastern</subfield><subfield code="x">Politics and government</subfield><subfield code="y">1989-</subfield></datafield><datafield ind1=" " ind2="7" tag="651"><subfield code="a">Osteuropa</subfield><subfield code="0">(DE-588)4075739-0</subfield><subfield code="2">gnd</subfield></datafield><datafield ind1=" " ind2="7" tag="651"><subfield code="a">Mitteleuropa</subfield><subfield code="0">(DE-588)4039677-0</subfield><subfield code="2">gnd</subfield></datafield><datafield ind1="4" ind2="2" tag="856"><subfield code="3">Titelblatt und Inhaltsverzeichnis</subfield><subfield code="u">https://toc.library.ethz.ch/objects/pdf03/z01_978-3-631-66526-8_01.pdf</subfield><subfield code="q">pdf</subfield></datafield><datafield ind1=" " ind2="0" tag="830"><subfield code="a">Warsaw studies in philosophy and social sciences</subfield><subfield code="v">6</subfield><subfield code="w">(NEBIS)010038412EBI01</subfield></datafield><datafield ind1=" " ind2="0" tag="830"><subfield code="a">Warsaw studies in philosophy and social sciences</subfield><subfield code="v">6</subfield><subfield code="w">(RERO)R007512270-41slsp</subfield></datafield><datafield ind1=" " ind2=" " tag="900"><subfield code="a">REROnoselfmerge</subfield></datafield><datafield ind1=" " ind2=" " tag="900"><subfield code="a">IDSDSStoppsignal FRED</subfield><subfield code="e">IDSDS2016.06.28/A100/uvr</subfield></datafield><datafield ind1=" " ind2=" " tag="900"><subfield code="a">IDSZ2zbzmon201603f</subfield><subfield code="c">IDSZ2murd</subfield><subfield code="d">IDSZ2zbzswk201608b</subfield><subfield code="e">IDSZ2bucp</subfield></datafield><datafield ind1=" " ind2=" " tag="903"><subfield code="a">RERO-SIGN</subfield><subfield code="5">BCUFR/20230823/yev</subfield></datafield><datafield ind1=" " ind2=" " tag="949"><subfield code="a">https://toc.library.ethz.ch/objects/pdf03/z01_978-3-631-66526-8_01.pdf</subfield></datafield><datafield ind1=" " ind2=" " tag="961"><subfield code="2">gsi</subfield><subfield code="a">323.2</subfield><subfield code="9">LOCAL</subfield></datafield></record>
</metadata></record>