<record><header><identifier>oai:alma.41SLSP_UGE:991000766389705502</identifier><datestamp>2023-03-01T01:09:47Z</datestamp><setSpec>uge_cmu_RapidILL_JOURNAL</setSpec><setSpec>uge_aobs_RapidILL_JOURNAL</setSpec><setSpec>uge_aaca_RapidILL_JOURNAL</setSpec><setSpec>uge_bcen_RapidILL_JOURNAL</setSpec><setSpec>uge_abbat_RapidILL_JOURNAL</setSpec><setSpec>uge_mail_RapidILL_JOURNAL</setSpec><setSpec>uge_dbu_RapidILL_JOURNAL</setSpec><setSpec>UNIGE_ALL</setSpec><setSpec>uge_abels_RapidILL_JOURNAL</setSpec><setSpec>uge_acar_RapidILL_JOURNAL</setSpec></header><metadata>
<record xmlns="http://www.loc.gov/MARC21/slim" xmlns:xsi="http://www.w3.org/2001/XMLSchema-instance" xsi:schemaLocation="http://www.loc.gov/MARC21/slim http://www.loc.gov/standards/marcxml/schema/MARC21slim.xsd"><leader>01095nas a2200313 c 4500</leader><controlfield tag="001">991000766389705502</controlfield><controlfield tag="005">20210206211632.0</controlfield><controlfield tag="008">190909c20159999xxu|| p|  ||| 0    0eng d</controlfield><datafield ind1=" " ind2=" " tag="022"><subfield code="a">2380-1905</subfield></datafield><datafield ind1=" " ind2=" " tag="035"><subfield code="a">(swissbib)125924518-41slsp_network</subfield></datafield><datafield ind1=" " ind2=" " tag="035"><subfield code="a">125924518</subfield><subfield code="9">ExL</subfield></datafield><datafield ind1=" " ind2=" " tag="035"><subfield code="a">(RERO)R008960023-41slsp</subfield></datafield><datafield ind1=" " ind2=" " tag="035"><subfield code="a">(EXLNZ-41SLSP_NETWORK)991142259869705501</subfield></datafield><datafield ind1=" " ind2=" " tag="040"><subfield code="a">RERO ifisdc</subfield><subfield code="d">CH-ZuSLS</subfield></datafield><datafield ind1=" " ind2="7" tag="072"><subfield code="a">dr</subfield><subfield code="2">rero</subfield></datafield><datafield ind1=" " ind2=" " tag="084"><subfield code="a">D 25 f</subfield><subfield code="2">cjurrom</subfield></datafield><datafield ind1=" " ind2=" " tag="084"><subfield code="a">D 25.1 f</subfield><subfield code="2">cjurrom</subfield></datafield><datafield ind1="1" ind2="0" tag="210"><subfield code="a">Georget. environ. law rev.</subfield></datafield><datafield ind1="0" ind2="0" tag="245"><subfield code="a">Georgetown environmental law review</subfield></datafield><datafield ind1=" " ind2="1" tag="264"><subfield code="a">Washington D.C</subfield><subfield code="b">Georgetown University Law Center</subfield></datafield><datafield ind1=" " ind2=" " tag="310"><subfield code="a">Trimestriel</subfield></datafield><datafield ind1=" " ind2=" " tag="336"><subfield code="b">txt</subfield><subfield code="2">rdacontent</subfield></datafield><datafield ind1=" " ind2=" " tag="337"><subfield code="b">n</subfield><subfield code="2">rdamedia</subfield></datafield><datafield ind1=" " ind2=" " tag="338"><subfield code="b">nc</subfield><subfield code="2">rdacarrier</subfield></datafield><datafield ind1="0" ind2=" " tag="362"><subfield code="a">Vol. 28(2015) -</subfield></datafield><datafield ind1=" " ind2=" " tag="500"><subfield code="a">Titre abrégé: Georget. environ. law rev.</subfield></datafield><datafield ind1=" " ind2=" " tag="580"><subfield code="a">Fait suite à: Georgetown international environmental law review / Georgetown University Law Center</subfield></datafield><datafield ind1="2" ind2=" " tag="710"><subfield code="a">Georgetown university</subfield><subfield code="g">Washington, D.C.</subfield><subfield code="b">Law center</subfield><subfield code="4">aut</subfield><subfield code="0">(IDREF)139327436</subfield></datafield><datafield ind1="0" ind2="0" tag="780"><subfield code="t">Georgetown international environmental law review</subfield><subfield code="w">(RERO)1290421-41slsp</subfield></datafield><datafield ind1=" " ind2=" " tag="900"><subfield code="a">REROnoselfmerge</subfield></datafield></record>
</metadata></record>