<record><header><identifier>oai:alma.41SLSP_UGE:991000766499705502</identifier><datestamp>2024-03-26T01:12:03Z</datestamp><setSpec>uge_bcen_RapidILL_BOOK</setSpec><setSpec>uge_aaca_RapidILL_BOOK</setSpec><setSpec>uge_abels_RapidILL_BOOK</setSpec><setSpec>uge_dbu_RapidILL_BOOK</setSpec><setSpec>uge_cmu_RapidILL_BOOK</setSpec><setSpec>uge_mail_RapidILL_BOOK</setSpec><setSpec>uge_abbat_RapidILL_BOOK</setSpec><setSpec>UNIGE_ALL</setSpec><setSpec>uge_acar_RapidILL_BOOK</setSpec><setSpec>uge_aobs_RapidILL_BOOK</setSpec></header><metadata>
<record xmlns="http://www.loc.gov/MARC21/slim" xmlns:xsi="http://www.w3.org/2001/XMLSchema-instance" xsi:schemaLocation="http://www.loc.gov/MARC21/slim http://www.loc.gov/standards/marcxml/schema/MARC21slim.xsd"><leader>02651nam a2200661 c 4500</leader><controlfield tag="001">991000766499705502</controlfield><controlfield tag="005">20230330224129.0</controlfield><controlfield tag="008">201011s1987    xxk||||| |||| 00| ||eng d</controlfield><datafield ind1=" " ind2=" " tag="010"><subfield code="a">86023218</subfield></datafield><datafield ind1=" " ind2=" " tag="020"><subfield code="a">9780632016037</subfield></datafield><datafield ind1=" " ind2=" " tag="020"><subfield code="a">0632016035</subfield><subfield code="q">pbk.</subfield></datafield><datafield ind1=" " ind2=" " tag="020"><subfield code="a">0632015926</subfield></datafield><datafield ind1="7" ind2=" " tag="024"><subfield code="a">http://catalogue.bnf.fr/ark:/12148/cb37367090k</subfield><subfield code="2">uri</subfield></datafield><datafield ind1=" " ind2=" " tag="035"><subfield code="a">(swissbib)230756891-41slsp_network</subfield></datafield><datafield ind1=" " ind2=" " tag="035"><subfield code="a">230756891</subfield><subfield code="9">ExL</subfield></datafield><datafield ind1=" " ind2=" " tag="035"><subfield code="a">(RERO)1034075-41slsp</subfield></datafield><datafield ind1=" " ind2=" " tag="035"><subfield code="a">(NEBIS)000489527EBI01</subfield></datafield><datafield ind1=" " ind2=" " tag="035"><subfield code="a">(IDSBB)004278124DSV01</subfield></datafield><datafield ind1=" " ind2=" " tag="035"><subfield code="a">(EXLNZ-41SLSP_NETWORK)991076414209705501</subfield></datafield><datafield ind1=" " ind2=" " tag="040"><subfield code="a">RERO geussc</subfield><subfield code="d">CH-ZuSLS</subfield></datafield><datafield ind1=" " ind2="7" tag="072"><subfield code="a">ch</subfield><subfield code="2">rero</subfield></datafield><datafield ind1="0" ind2="0" tag="082"><subfield code="a">541.2/8</subfield><subfield code="2">19</subfield></datafield><datafield ind1="0" ind2="4" tag="082"><subfield code="a">541.2/2</subfield><subfield code="2">19</subfield></datafield><datafield ind1="1" ind2="4" tag="082"><subfield code="a">541.28</subfield><subfield code="2">22</subfield></datafield><datafield ind1=" " ind2=" " tag="084"><subfield code="a">VH 5660</subfield><subfield code="2">rvk</subfield></datafield><datafield ind1=" " ind2=" " tag="084"><subfield code="a">VH 5800</subfield><subfield code="2">rvk</subfield></datafield><datafield ind1="1" ind2=" " tag="100"><subfield code="a">Ebsworth, Evelyn Algerman Valentine</subfield><subfield code="d">1933-...</subfield><subfield code="0">(IDREF)16406611X</subfield><subfield code="4">cre</subfield></datafield><datafield ind1="1" ind2="0" tag="245"><subfield code="a">Structural methods in inorganic chemistry</subfield><subfield code="c">E.A.V. Ebsworth, David W.H. Rankin and Stephen Cradock</subfield></datafield><datafield ind1=" " ind2="1" tag="264"><subfield code="a">Oxford [etc.]</subfield><subfield code="b">Blackwell Scientific</subfield><subfield code="c">[1987]</subfield></datafield><datafield ind1=" " ind2="4" tag="264"><subfield code="c">© 1987</subfield></datafield><datafield ind1=" " ind2=" " tag="300"><subfield code="a">XI, 456 p.</subfield><subfield code="b">ill.</subfield><subfield code="c">25 cm</subfield></datafield><datafield ind1=" " ind2=" " tag="336"><subfield code="b">txt</subfield><subfield code="2">rdacontent</subfield></datafield><datafield ind1=" " ind2=" " tag="337"><subfield code="b">n</subfield><subfield code="2">rdamedia</subfield></datafield><datafield ind1=" " ind2=" " tag="338"><subfield code="b">nc</subfield><subfield code="2">rdacarrier</subfield></datafield><datafield ind1=" " ind2=" " tag="500"><subfield code="a">andere Ausgabe: Structural methods in inorganic chemistry</subfield></datafield><datafield ind1=" " ind2=" " tag="504"><subfield code="a">Bibliogr.</subfield></datafield><datafield ind1=" " ind2="7" tag="650"><subfield code="a">Chimie inorganique</subfield><subfield code="0">(IDREF)02782912X</subfield><subfield code="2">idref</subfield></datafield><datafield ind1=" " ind2="7" tag="650"><subfield code="a">Structure moléculaire</subfield><subfield code="0">(IDREF)027674150</subfield><subfield code="2">idref</subfield></datafield><datafield ind1=" " ind2="7" tag="650"><subfield code="a">Spectroscopie</subfield><subfield code="0">(IDREF)027716910</subfield><subfield code="2">idref</subfield></datafield><datafield ind1=" " ind2="7" tag="650"><subfield code="a">Anorganische Chemie</subfield><subfield code="0">(DE-588)4002145-2</subfield><subfield code="2">gnd</subfield></datafield><datafield ind1=" " ind2="7" tag="650"><subfield code="a">Anorganische Verbindungen</subfield><subfield code="0">(DE-588)4002147-6</subfield><subfield code="2">gnd</subfield></datafield><datafield ind1=" " ind2="7" tag="650"><subfield code="a">Strukturaufklärung</subfield><subfield code="0">(DE-588)4183788-5</subfield><subfield code="2">gnd</subfield></datafield><datafield ind1=" " ind2="7" tag="650"><subfield code="a">Strukturchemie</subfield><subfield code="0">(DE-588)4183790-3</subfield><subfield code="2">gnd</subfield></datafield><datafield ind1=" " ind2="0" tag="650"><subfield code="a">Chemistry, Inorganic</subfield></datafield><datafield ind1=" " ind2="0" tag="650"><subfield code="a">Spectrum analysis</subfield></datafield><datafield ind1=" " ind2="7" tag="650"><subfield code="a">ANORGANISCHE VERBINDUNGEN UND ANORGANISCHE MOLEKÜLE (CHEMIE)</subfield><subfield code="9">ger</subfield><subfield code="0">(ETHUDK)000058206</subfield><subfield code="2">ethudk</subfield></datafield><datafield ind1=" " ind2="7" tag="650"><subfield code="a">AUSWERTUNGSMETHODEN FÜR DIE KRISTALLSTRUKTURANALYSE (KRISTALLOGRAPHIE)</subfield><subfield code="9">ger</subfield><subfield code="0">(ETHUDK)000019649</subfield><subfield code="2">ethudk</subfield></datafield><datafield ind1=" " ind2="7" tag="650"><subfield code="a">LEHRBÜCHER (DOKUMENTENTYP)</subfield><subfield code="9">ger</subfield><subfield code="0">(ETHUDK)000000099</subfield><subfield code="2">ethudk</subfield></datafield><datafield ind1=" " ind2="7" tag="650"><subfield code="a">MOLEKÜLSTRUKTUR (CHEMIE)</subfield><subfield code="9">ger</subfield><subfield code="0">(ETHUDK)000016210</subfield><subfield code="2">ethudk</subfield></datafield><datafield ind1=" " ind2="7" tag="650"><subfield code="a">STRUKTURAUFKLÄRUNG (ANALYTISCHE CHEMIE)</subfield><subfield code="9">ger</subfield><subfield code="0">(ETHUDK)000016283</subfield><subfield code="2">ethudk</subfield></datafield><datafield ind1=" " ind2=" " tag="690"><subfield code="a">Anorganische Verbindungen</subfield><subfield code="2">uzb-Z9</subfield></datafield><datafield ind1=" " ind2=" " tag="690"><subfield code="a">Spektroskopie / 1980- ersch.</subfield><subfield code="2">uzb-Z9</subfield></datafield><datafield ind1=" " ind2=" " tag="690"><subfield code="a">Strukturformel</subfield><subfield code="2">uzb-Z9</subfield></datafield><datafield ind1=" " ind2=" " tag="690"><subfield code="a">546</subfield><subfield code="d">Anorganische Chemie</subfield><subfield code="2">uzb-UK</subfield></datafield><datafield ind1="1" ind2=" " tag="700"><subfield code="a">Ebsworth, E.A.V.</subfield></datafield><datafield ind1="1" ind2=" " tag="700"><subfield code="a">Ebsworth, Evelyn Algernon Valentine</subfield></datafield><datafield ind1="1" ind2=" " tag="700"><subfield code="a">Rankin, David W. H.</subfield><subfield code="0">(IDREF)085967548</subfield></datafield><datafield ind1="1" ind2=" " tag="700"><subfield code="a">Cradock, Stephen</subfield><subfield code="0">(IDREF)031578926</subfield></datafield><datafield ind1=" " ind2=" " tag="900"><subfield code="a">REROnoselfmerge</subfield></datafield></record>
</metadata></record>