<record><header><identifier>oai:alma.41SLSP_UGE:991000766289705502</identifier><datestamp>2023-03-04T01:27:09Z</datestamp><setSpec>uge_bcen_RapidILL_BOOK</setSpec><setSpec>uge_aaca_RapidILL_BOOK</setSpec><setSpec>uge_abels_RapidILL_BOOK</setSpec><setSpec>uge_dbu_RapidILL_BOOK</setSpec><setSpec>uge_cmu_RapidILL_BOOK</setSpec><setSpec>uge_mail_RapidILL_BOOK</setSpec><setSpec>uge_abbat_RapidILL_BOOK</setSpec><setSpec>UNIGE_ALL</setSpec><setSpec>uge_aobs_RapidILL_BOOK</setSpec><setSpec>uge_acar_RapidILL_BOOK</setSpec></header><metadata>
<record xmlns="http://www.loc.gov/MARC21/slim" xmlns:xsi="http://www.w3.org/2001/XMLSchema-instance" xsi:schemaLocation="http://www.loc.gov/MARC21/slim http://www.loc.gov/standards/marcxml/schema/MARC21slim.xsd"><leader>02554nam a2200421 c 4500</leader><controlfield tag="001">991000766289705502</controlfield><controlfield tag="005">20230303205402.0</controlfield><controlfield tag="008">080108s2006    xxk||||| |||| 00| ||eng d</controlfield><datafield ind1=" " ind2=" " tag="020"><subfield code="a">140392130X</subfield></datafield><datafield ind1=" " ind2=" " tag="020"><subfield code="a">9781403921307</subfield></datafield><datafield ind1=" " ind2=" " tag="035"><subfield code="a">(swissbib)106261738-41slsp_network</subfield></datafield><datafield ind1=" " ind2=" " tag="035"><subfield code="a">106261738</subfield><subfield code="9">ExL</subfield></datafield><datafield ind1=" " ind2=" " tag="035"><subfield code="a">(RERO)R004625013-41slsp</subfield></datafield><datafield ind1=" " ind2=" " tag="035"><subfield code="a">(EXLNZ-41SLSP_NETWORK)991127602139705501</subfield></datafield><datafield ind1=" " ind2=" " tag="040"><subfield code="a">DLC</subfield><subfield code="d">CH-ZuSLS</subfield></datafield><datafield ind1="0" ind2="0" tag="050"><subfield code="a">HD60.5.D44</subfield><subfield code="b">J87 2006</subfield></datafield><datafield ind1=" " ind2="7" tag="072"><subfield code="a">se</subfield><subfield code="2">rero</subfield></datafield><datafield ind1="0" ind2="0" tag="082"><subfield code="a">174/.4</subfield><subfield code="2">22</subfield></datafield><datafield ind1="0" ind2="0" tag="245"><subfield code="a">Just business practices in a diverse and developing world</subfield><subfield code="b">essays on international business and global responsibilities</subfield><subfield code="c">edited by Frederick Bird and Manuel Velasquez</subfield></datafield><datafield ind1=" " ind2="1" tag="264"><subfield code="a">Basingstoke [England]</subfield><subfield code="a">New York</subfield><subfield code="b">Palgrave Macmillan</subfield><subfield code="c">2006</subfield></datafield><datafield ind1=" " ind2=" " tag="300"><subfield code="a">xx, 301 p.</subfield><subfield code="c">23 cm</subfield></datafield><datafield ind1=" " ind2=" " tag="336"><subfield code="b">txt</subfield><subfield code="2">rdacontent</subfield></datafield><datafield ind1=" " ind2=" " tag="337"><subfield code="b">n</subfield><subfield code="2">rdamedia</subfield></datafield><datafield ind1=" " ind2=" " tag="338"><subfield code="b">nc</subfield><subfield code="2">rdacarrier</subfield></datafield><datafield ind1=" " ind2=" " tag="504"><subfield code="a">Includes bibliographical references and index</subfield></datafield><datafield ind1="0" ind2=" " tag="505"><subfield code="a">Natural law in international business ethics / Manuel Velasquez -- Justice in international businesses / Frederick Bird -- Pursuing corporate social responsibility in changing institutional fields / Joseph Smucker -- Toward a political ethic for international businesses / Frederick Bird -- Global initiatives to promote corporate social responsibility in the mining sector / Hevina S. Dashwood -- Fostering social responsibility in businesses : the role of ethical auditing / Frederick Bird -- Monitoring labour conditions of textile manufacturing : the work of COVERCO in Guatemala / Sylvie Babarik -- Perspectives on global poverty / Frederick Bird -- Theological responses to economic globalization / Russell Daye -- Markets, development and equity : lessons from South Korea / Joseph Smucker</subfield></datafield><datafield ind1=" " ind2="0" tag="650"><subfield code="a">Business ethics</subfield></datafield><datafield ind1=" " ind2="0" tag="650"><subfield code="a">International business enterprises</subfield><subfield code="x">Moral and ethical aspects</subfield><subfield code="z">Developing countries</subfield></datafield><datafield ind1=" " ind2="0" tag="650"><subfield code="a">Social responsibility of business</subfield><subfield code="z">Developing countries</subfield></datafield><datafield ind1=" " ind2="7" tag="650"><subfield code="a">Entreprises multinationales</subfield><subfield code="0">(IDREF)027261166</subfield><subfield code="2">idref</subfield></datafield><datafield ind1=" " ind2="7" tag="650"><subfield code="a">responsabilité sociale</subfield><subfield code="0">(RERO)A010140084</subfield><subfield code="2">rerovoc</subfield></datafield><datafield ind1=" " ind2="7" tag="650"><subfield code="a">Éthique des affaires</subfield><subfield code="0">(IDREF)02783266X</subfield><subfield code="2">idref</subfield></datafield><datafield ind1=" " ind2="7" tag="651"><subfield code="a">Pays en voie de développement</subfield><subfield code="0">(IDREF)027407918</subfield><subfield code="2">idref</subfield></datafield><datafield ind1=" " ind2="7" tag="655"><subfield code="a">[Études diverses]</subfield><subfield code="0">(RERO)A022249905</subfield><subfield code="2">rero</subfield></datafield><datafield ind1="1" ind2=" " tag="700"><subfield code="a">Bird, Frederick Bruce</subfield><subfield code="d">1938-....</subfield><subfield code="0">(IDREF)083318828</subfield></datafield><datafield ind1="1" ind2=" " tag="700"><subfield code="a">Velasquez, Manuel G.</subfield><subfield code="0">(IDREF)06909926X</subfield></datafield><datafield ind1="4" ind2="2" tag="856"><subfield code="u">http://www.loc.gov/catdir/enhancements/fy0626/2005056374-d.html</subfield></datafield><datafield ind1="4" ind2="2" tag="856"><subfield code="u">http://www.loc.gov/catdir/enhancements/fy0626/2005056374-t.html</subfield></datafield><datafield ind1=" " ind2=" " tag="900"><subfield code="a">REROnoselfmerge</subfield></datafield></record>
</metadata></record>