<record><header><identifier>oai:alma.41SLSP_UGE:991000767059705502</identifier><datestamp>2023-07-01T00:23:21Z</datestamp><setSpec>uge_bcen_RapidILL_BOOK</setSpec><setSpec>uge_aaca_RapidILL_BOOK</setSpec><setSpec>uge_abels_RapidILL_BOOK</setSpec><setSpec>uge_dbu_RapidILL_BOOK</setSpec><setSpec>uge_cmu_RapidILL_BOOK</setSpec><setSpec>uge_mail_RapidILL_BOOK</setSpec><setSpec>uge_abbat_RapidILL_BOOK</setSpec><setSpec>UNIGE_ALL</setSpec><setSpec>uge_aobs_RapidILL_BOOK</setSpec><setSpec>uge_acar_RapidILL_BOOK</setSpec></header><metadata>
<record xmlns="http://www.loc.gov/MARC21/slim" xmlns:xsi="http://www.w3.org/2001/XMLSchema-instance" xsi:schemaLocation="http://www.loc.gov/MARC21/slim http://www.loc.gov/standards/marcxml/schema/MARC21slim.xsd"><leader>01888naa a2200361 c 4500</leader><controlfield tag="001">991000767059705502</controlfield><controlfield tag="005">20230630205345.0</controlfield><controlfield tag="008">110921s2011    sz ||||| |||| 00| ||ger d</controlfield><datafield ind1=" " ind2=" " tag="035"><subfield code="a">(swissbib)114659613-41slsp_network</subfield></datafield><datafield ind1=" " ind2=" " tag="035"><subfield code="a">114659613</subfield><subfield code="9">ExL</subfield></datafield><datafield ind1=" " ind2=" " tag="035"><subfield code="a">(RERO)R006295766-41slsp</subfield></datafield><datafield ind1=" " ind2=" " tag="035"><subfield code="a">(EXLNZ-41SLSP_NETWORK)991152747889705501</subfield></datafield><datafield ind1=" " ind2=" " tag="040"><subfield code="a">RERO iftaf-</subfield><subfield code="d">CH-ZuSLS</subfield></datafield><datafield ind1=" " ind2=" " tag="044"><subfield code="a">sz</subfield><subfield code="c">ch-zh</subfield></datafield><datafield ind1=" " ind2="7" tag="072"><subfield code="a">dr</subfield><subfield code="2">rero</subfield></datafield><datafield ind1=" " ind2=" " tag="084"><subfield code="a">CA/CH 60 i</subfield><subfield code="2">cjurrom</subfield></datafield><datafield ind1=" " ind2=" " tag="084"><subfield code="a">CA/CH 46 i</subfield><subfield code="2">cjurrom</subfield></datafield><datafield ind1=" " ind2=" " tag="084"><subfield code="a">D 36 i CH</subfield><subfield code="2">cjurrom</subfield></datafield><datafield ind1="1" ind2=" " tag="100"><subfield code="a">Schiess Rütimann, Patricia M.</subfield><subfield code="0">(IDREF)16512377X</subfield><subfield code="4">cre</subfield></datafield><datafield ind1="1" ind2="0" tag="245"><subfield code="a">Im Ausland erworbene akademische Titel</subfield><subfield code="b">insbesondere das Führen von Doktor- und LL.M.-Titeln</subfield><subfield code="c">von Patricia M. Schiess Rütimann</subfield></datafield><datafield ind1=" " ind2=" " tag="336"><subfield code="b">txt</subfield><subfield code="2">rdacontent</subfield></datafield><datafield ind1=" " ind2=" " tag="337"><subfield code="b">n</subfield><subfield code="2">rdamedia</subfield></datafield><datafield ind1=" " ind2=" " tag="338"><subfield code="b">nc</subfield><subfield code="2">rdacarrier</subfield></datafield><datafield ind1=" " ind2=" " tag="580"><subfield code="a">In: Schweizerisches Zentralblatt für Staats- und Verwaltungsrecht. - Zürich. - Jg. 112(2011), H. 9, S. 453-470</subfield></datafield><datafield ind1=" " ind2="7" tag="650"><subfield code="a">Universitätstitel</subfield><subfield code="9">ger</subfield><subfield code="0">(RERO)jurivoc000023690ger</subfield><subfield code="2">jurivoc</subfield></datafield><datafield ind1=" " ind2="7" tag="650"><subfield code="a">ausländischer Staat</subfield><subfield code="9">ger</subfield><subfield code="0">(RERO)jurivoc000002273ger</subfield><subfield code="2">jurivoc</subfield></datafield><datafield ind1=" " ind2="7" tag="650"><subfield code="a">Nachdiplomstudium</subfield><subfield code="9">ger</subfield><subfield code="0">(RERO)jurivoc000015504ger</subfield><subfield code="2">jurivoc</subfield></datafield><datafield ind1=" " ind2="7" tag="650"><subfield code="a">Staatsvertrag</subfield><subfield code="9">ger</subfield><subfield code="0">(RERO)jurivoc000021204ger</subfield><subfield code="2">jurivoc</subfield></datafield><datafield ind1=" " ind2="7" tag="650"><subfield code="a">Abkommen über die Freizügigkeit der Personen</subfield><subfield code="9">ger</subfield><subfield code="0">(RERO)jurivoc000000214ger</subfield><subfield code="2">jurivoc</subfield></datafield><datafield ind1=" " ind2="7" tag="650"><subfield code="a">Strafrecht</subfield><subfield code="9">ger</subfield><subfield code="0">(RERO)jurivoc000021776ger</subfield><subfield code="2">jurivoc</subfield></datafield><datafield ind1=" " ind2="7" tag="650"><subfield code="a">unlauterer Wettbewerb</subfield><subfield code="9">ger</subfield><subfield code="0">(RERO)jurivoc000023701ger</subfield><subfield code="2">jurivoc</subfield></datafield><datafield ind1=" " ind2="7" tag="650"><subfield code="a">Herkunftsbezeichnung</subfield><subfield code="9">ger</subfield><subfield code="0">(RERO)jurivoc000011105ger</subfield><subfield code="2">jurivoc</subfield></datafield><datafield ind1=" " ind2="7" tag="651"><subfield code="a">Schweiz</subfield><subfield code="9">ger</subfield><subfield code="0">(RERO)jurivoc000019912ger</subfield><subfield code="2">jurivoc</subfield></datafield><datafield ind1="0" ind2=" " tag="773"><subfield code="t">Schweizerisches Zentralblatt für Staats- und Verwaltungsrecht : offizielles Organ der Schweizerischen Staatsschreiber-Konferenz, der Bausekretären-Konferenz, des Schweizerischen Städteverbandes</subfield><subfield code="g">2011/453</subfield><subfield code="g">yr:2011</subfield><subfield code="w">(RERO)1063985-41slsp</subfield></datafield></record>
</metadata></record>