<record><header><identifier>oai:alma.41SLSP_UGE:991000767369705502</identifier><datestamp>2024-09-28T00:25:22Z</datestamp><setSpec>uge_bcen_RapidILL_BOOK</setSpec><setSpec>uge_aaca_RapidILL_BOOK</setSpec><setSpec>uge_abels_RapidILL_BOOK</setSpec><setSpec>uge_dbu_RapidILL_BOOK</setSpec><setSpec>uge_cmu_RapidILL_BOOK</setSpec><setSpec>uge_mail_RapidILL_BOOK</setSpec><setSpec>uge_abbat_RapidILL_BOOK</setSpec><setSpec>UNIGE_ALL</setSpec><setSpec>uge_aobs_RapidILL_BOOK</setSpec><setSpec>uge_acar_RapidILL_BOOK</setSpec></header><metadata>
<record xmlns="http://www.loc.gov/MARC21/slim" xmlns:xsi="http://www.w3.org/2001/XMLSchema-instance" xsi:schemaLocation="http://www.loc.gov/MARC21/slim http://www.loc.gov/standards/marcxml/schema/MARC21slim.xsd"><leader>01524nam a2200409 c 4500</leader><controlfield tag="001">991000767369705502</controlfield><controlfield tag="005">20240927192613.0</controlfield><controlfield tag="008">201012s1977    xxk||||| |||| 00| ||eng d</controlfield><datafield ind1=" " ind2=" " tag="020"><subfield code="a">0198518269</subfield><subfield code="q">Casebound</subfield></datafield><datafield ind1=" " ind2=" " tag="020"><subfield code="a">0198518277</subfield><subfield code="q">pbk.</subfield></datafield><datafield ind1=" " ind2=" " tag="035"><subfield code="a">(swissbib)239476255-41slsp_network</subfield></datafield><datafield ind1=" " ind2=" " tag="035"><subfield code="a">239476255</subfield><subfield code="9">ExL</subfield></datafield><datafield ind1=" " ind2=" " tag="035"><subfield code="a">(RERO)R003762706-41slsp</subfield></datafield><datafield ind1=" " ind2=" " tag="035"><subfield code="a">(IDSBB)000282475DSV01</subfield></datafield><datafield ind1=" " ind2=" " tag="035"><subfield code="a">(NEBIS)000138726EBI01</subfield></datafield><datafield ind1=" " ind2=" " tag="035"><subfield code="a">(EXLNZ-41SLSP_NETWORK)991070098799705501</subfield></datafield><datafield ind1=" " ind2=" " tag="040"><subfield code="a">RERO geussp</subfield><subfield code="d">CH-ZuSLS</subfield></datafield><datafield ind1=" " ind2="7" tag="072"><subfield code="a">py</subfield><subfield code="2">rero</subfield></datafield><datafield ind1=" " ind2="7" tag="072"><subfield code="a">py</subfield><subfield code="2">SzZuIDS BS/BE</subfield></datafield><datafield ind1="1" ind2="4" tag="082"><subfield code="a">530</subfield><subfield code="2">15</subfield></datafield><datafield ind1="1" ind2=" " tag="100"><subfield code="a">Fraser, Donald Alexander Stuart</subfield><subfield code="0">(RERO)A003260950</subfield><subfield code="4">cre</subfield></datafield><datafield ind1="1" ind2="0" tag="245"><subfield code="a">&lt;&lt;The&gt;&gt; physics of semi-conductor devices</subfield><subfield code="c">D.A. Fraser</subfield></datafield><datafield ind1="1" ind2=" " tag="246"><subfield code="a">&lt;&lt;The&gt;&gt; physics of semiconductor devices</subfield></datafield><datafield ind1=" " ind2="1" tag="264"><subfield code="a">Oxford</subfield><subfield code="b">Clarendon</subfield><subfield code="c">1977</subfield></datafield><datafield ind1=" " ind2=" " tag="300"><subfield code="a">IX, 148 p.</subfield><subfield code="b">ill.</subfield><subfield code="c">22 cm</subfield></datafield><datafield ind1=" " ind2=" " tag="336"><subfield code="b">txt</subfield><subfield code="2">rdacontent</subfield></datafield><datafield ind1=" " ind2=" " tag="337"><subfield code="b">n</subfield><subfield code="2">rdamedia</subfield></datafield><datafield ind1=" " ind2=" " tag="338"><subfield code="b">nc</subfield><subfield code="2">rdacarrier</subfield></datafield><datafield ind1="1" ind2=" " tag="490"><subfield code="a">Oxford Physics Series</subfield><subfield code="v">vol. 16</subfield></datafield><datafield ind1=" " ind2=" " tag="500"><subfield code="a">andere Ausgabe: &lt;&lt;The&gt;&gt; Physics of semiconductor devices</subfield></datafield><datafield ind1=" " ind2=" " tag="500"><subfield code="a">Titre du dos et de la couv.: The physics of semiconductor devices</subfield></datafield><datafield ind1=" " ind2=" " tag="504"><subfield code="a">Bibliogr.: p. 145</subfield></datafield><datafield ind1=" " ind2="7" tag="650"><subfield code="a">HALBLEITER + HALBLEITERTECHNOLOGIE (ELEKTROTECHNIK)</subfield><subfield code="9">ger</subfield><subfield code="0">(ETHUDK)000028267</subfield><subfield code="2">ethudk</subfield></datafield><datafield ind1=" " ind2="7" tag="650"><subfield code="a">STRUKTUR UND EIGENSCHAFTEN MOLEKULARER SYSTEME (PHYSIK)</subfield><subfield code="9">ger</subfield><subfield code="0">(ETHUDK)000015654</subfield><subfield code="2">ethudk</subfield></datafield><datafield ind1="1" ind2=" " tag="700"><subfield code="a">Fraser, David A.</subfield><subfield code="d">1932-</subfield><subfield code="0">(DE-588)172079829</subfield></datafield><datafield ind1="1" ind2=" " tag="700"><subfield code="a">Fraser, D.A.</subfield></datafield><datafield ind1=" " ind2=" " tag="830"><subfield code="a">Oxford physics series</subfield><subfield code="v">16</subfield><subfield code="w">(IDSBB)000340912DSV01</subfield></datafield><datafield ind1=" " ind2=" " tag="900"><subfield code="a">REROnoselfmerge</subfield></datafield></record>
</metadata></record>