<record><header><identifier>oai:alma.41SLSP_UGE:991000767159705502</identifier><datestamp>2024-10-05T00:05:37Z</datestamp><setSpec>uge_bcen_RapidILL_BOOK</setSpec><setSpec>uge_aaca_RapidILL_BOOK</setSpec><setSpec>uge_abels_RapidILL_BOOK</setSpec><setSpec>uge_dbu_RapidILL_BOOK</setSpec><setSpec>uge_cmu_RapidILL_BOOK</setSpec><setSpec>uge_mail_RapidILL_BOOK</setSpec><setSpec>uge_abbat_RapidILL_BOOK</setSpec><setSpec>UNIGE_ALL</setSpec><setSpec>uge_acar_RapidILL_BOOK</setSpec><setSpec>uge_aobs_RapidILL_BOOK</setSpec></header><metadata>
<record xmlns="http://www.loc.gov/MARC21/slim" xmlns:xsi="http://www.w3.org/2001/XMLSchema-instance" xsi:schemaLocation="http://www.loc.gov/MARC21/slim http://www.loc.gov/standards/marcxml/schema/MARC21slim.xsd"><leader>01282nam a2200373 c 4500</leader><controlfield tag="001">991000767159705502</controlfield><controlfield tag="005">20241004204952.0</controlfield><controlfield tag="008">201012s1947    gw ||||| |||| 00| ||ger d</controlfield><datafield ind1="7" ind2=" " tag="024"><subfield code="a">http://catalogue.bnf.fr/ark:/12148/cb32573839x</subfield><subfield code="2">uri</subfield></datafield><datafield ind1=" " ind2=" " tag="035"><subfield code="a">(swissbib)23609338X-41slsp_network</subfield></datafield><datafield ind1=" " ind2=" " tag="035"><subfield code="a">23609338X</subfield><subfield code="9">ExL</subfield></datafield><datafield ind1=" " ind2=" " tag="035"><subfield code="a">(RERO)1805572-41slsp</subfield></datafield><datafield ind1=" " ind2=" " tag="035"><subfield code="a">(IDSBB)000530888DSV01</subfield></datafield><datafield ind1=" " ind2=" " tag="035"><subfield code="a">(NEBIS)008814932EBI01</subfield></datafield><datafield ind1=" " ind2=" " tag="035"><subfield code="a">(EXLNZ-41SLSP_NETWORK)991101392609705501</subfield></datafield><datafield ind1=" " ind2=" " tag="040"><subfield code="a">RERO geuhim</subfield><subfield code="d">CH-ZuSLS</subfield></datafield><datafield ind1=" " ind2="7" tag="072"><subfield code="a">me</subfield><subfield code="2">rero</subfield></datafield><datafield ind1=" " ind2="7" tag="072"><subfield code="a">me</subfield><subfield code="2">SzZuIDS BS/BE</subfield></datafield><datafield ind1="1" ind2="4" tag="082"><subfield code="a">610</subfield><subfield code="2">15</subfield></datafield><datafield ind1="1" ind2=" " tag="100"><subfield code="a">Ritter, Hans</subfield><subfield code="d">1897-1988</subfield><subfield code="0">(DE-588)1018923527</subfield><subfield code="6">880-01</subfield></datafield><datafield ind1="1" ind2=" " tag="880"><subfield code="a">Ritter, Hans</subfield><subfield code="0">(RERO)A003749045</subfield><subfield code="4">cre</subfield><subfield code="6">100-01</subfield></datafield><datafield ind1="1" ind2="0" tag="245"><subfield code="a">&lt;&lt;Die&gt;&gt; Behandlung der Herz- und Gefässkrankheiten unter besonderer Berücksichtigung der Homöopathie</subfield><subfield code="c">Hans Ritter</subfield></datafield><datafield ind1=" " ind2="1" tag="264"><subfield code="a">Berlin-Saulgau</subfield><subfield code="b">K.F. Haug</subfield><subfield code="c">1947</subfield></datafield><datafield ind1=" " ind2=" " tag="300"><subfield code="a">340 S.</subfield><subfield code="b">Abb., Tab.</subfield></datafield><datafield ind1=" " ind2=" " tag="336"><subfield code="b">txt</subfield><subfield code="2">rdacontent</subfield></datafield><datafield ind1=" " ind2=" " tag="337"><subfield code="b">n</subfield><subfield code="2">rdamedia</subfield></datafield><datafield ind1=" " ind2=" " tag="338"><subfield code="b">nc</subfield><subfield code="2">rdacarrier</subfield></datafield><datafield ind1=" " ind2="7" tag="650"><subfield code="a">Homéopathie</subfield><subfield code="0">(IDREF)027233820</subfield><subfield code="2">idref</subfield></datafield><datafield ind1=" " ind2="7" tag="650"><subfield code="a">maladie cardio-vasculaire</subfield><subfield code="0">(RERO)A010112343</subfield><subfield code="2">rerovoc</subfield></datafield><datafield ind1=" " ind2=" " tag="690"><subfield code="a">Herz</subfield><subfield code="2">uzb-UU</subfield></datafield><datafield ind1=" " ind2=" " tag="690"><subfield code="a">Gefässe</subfield><subfield code="2">uzb-UU</subfield></datafield><datafield ind1=" " ind2=" " tag="690"><subfield code="a">Homöopathie</subfield><subfield code="2">uzb-UU</subfield></datafield><datafield ind1="1" ind2=" " tag="700"><subfield code="a">Stiegels, Alfons von</subfield></datafield><datafield ind1=" " ind2=" " tag="900"><subfield code="a">REROnoselfmerge</subfield></datafield><datafield ind1=" " ind2=" " tag="900"><subfield code="f">IDSU2medea</subfield></datafield></record>
</metadata></record>