<record><header><identifier>oai:alma.41SLSP_UGE:991000766639705502</identifier><datestamp>2024-03-08T01:18:29Z</datestamp><setSpec>UNIGE_ALL</setSpec></header><metadata>
<record xmlns="http://www.loc.gov/MARC21/slim" xmlns:xsi="http://www.w3.org/2001/XMLSchema-instance" xsi:schemaLocation="http://www.loc.gov/MARC21/slim http://www.loc.gov/standards/marcxml/schema/MARC21slim.xsd"><leader>04329ngm a2200925 c 4500</leader><controlfield tag="001">991000766639705502</controlfield><controlfield tag="005">20240307225305.0</controlfield><controlfield tag="007">vd |v||||</controlfield><controlfield tag="008">201011s2004    sz ||| |          v|spa d</controlfield><datafield ind1=" " ind2=" " tag="019"><subfield code="a">Nicht visioniert</subfield><subfield code="5">NEBIS/ZBZ</subfield></datafield><datafield ind1="4" ind2="2" tag="028"><subfield code="a">980166</subfield></datafield><datafield ind1=" " ind2=" " tag="035"><subfield code="a">(swissbib)231056265-41slsp_network</subfield></datafield><datafield ind1=" " ind2=" " tag="035"><subfield code="a">231056265</subfield><subfield code="9">ExL</subfield></datafield><datafield ind1=" " ind2=" " tag="035"><subfield code="a">(RERO)R003732568-41slsp</subfield></datafield><datafield ind1=" " ind2=" " tag="035"><subfield code="a">(NEBIS)004832482EBI01</subfield></datafield><datafield ind1=" " ind2=" " tag="035"><subfield code="a">(IDSBB)003405717DSV01</subfield></datafield><datafield ind1=" " ind2=" " tag="035"><subfield code="a">(ABN)000264158ABN01</subfield></datafield><datafield ind1=" " ind2=" " tag="035"><subfield code="a">(ALEX)bv9926013693901791</subfield></datafield><datafield ind1=" " ind2=" " tag="035"><subfield code="a">(EXLNZ-41SLSP_NETWORK)991116540199705501</subfield></datafield><datafield ind1=" " ind2=" " tag="040"><subfield code="a">RERO vsbcvs</subfield><subfield code="d">CH-ZuSLS</subfield></datafield><datafield ind1="1" ind2=" " tag="041"><subfield code="a">fre</subfield><subfield code="a">eng</subfield><subfield code="a">ger</subfield><subfield code="a">spa</subfield><subfield code="h">spa</subfield></datafield><datafield ind1=" " ind2=" " tag="044"><subfield code="a">sz</subfield><subfield code="c">ch-zh</subfield></datafield><datafield ind1=" " ind2="7" tag="072"><subfield code="a">ba</subfield><subfield code="2">rero</subfield></datafield><datafield ind1=" " ind2="7" tag="072"><subfield code="a">go</subfield><subfield code="2">rero</subfield></datafield><datafield ind1="0" ind2="0" tag="245"><subfield code="a">Suite Habana</subfield><subfield code="b">a film poem</subfield><subfield code="c">by Fernando Pérez ; scénario: Fernando Pérez ; musique; Edesio Alejandro, Ernesto Cisneros</subfield></datafield><datafield ind1="1" ind2="1" tag="246"><subfield code="a">Suite Havanna</subfield></datafield><datafield ind1=" " ind2="1" tag="264"><subfield code="a">Wettingen</subfield><subfield code="b">Trigon-Film</subfield><subfield code="c">2004</subfield></datafield><datafield ind1=" " ind2=" " tag="300"><subfield code="a">1 DVD-Video (80 Min.)</subfield></datafield><datafield ind1=" " ind2=" " tag="336"><subfield code="b">tdi</subfield><subfield code="2">rdacontent</subfield></datafield><datafield ind1=" " ind2=" " tag="337"><subfield code="b">v</subfield><subfield code="2">rdamedia</subfield></datafield><datafield ind1=" " ind2=" " tag="338"><subfield code="b">vd</subfield><subfield code="2">rdacarrier</subfield></datafield><datafield ind1="1" ind2=" " tag="490"><subfield code="a">Trigon-Film DVD-Edition</subfield><subfield code="v">16</subfield></datafield><datafield ind1=" " ind2=" " tag="500"><subfield code="a">Langue: Espagnol. Sous-titres: Deutsch, français, Englisch</subfield></datafield><datafield ind1=" " ind2=" " tag="500"><subfield code="a">Une prod.: La Havane : ICAIC ; Madrid : Wanda films, [cop. 2003]</subfield></datafield><datafield ind1=" " ind2=" " tag="500"><subfield code="a">Durée du film: 80 min.</subfield></datafield><datafield ind1=" " ind2=" " tag="500"><subfield code="a">Produit à Cuba</subfield></datafield><datafield ind1=" " ind2=" " tag="500"><subfield code="a">Der Film wurde 2003 in Farbe auf Kuba und in Spanien produziert. - Sprache: Originalversion (span.) mit dt., franz. und engl. Untertiteln. - Inkl. Extra: Making of the film</subfield></datafield><datafield ind1=" " ind2=" " tag="500"><subfield code="a">In Originalversion Spanisch; Untertitel: deutsch, français, english</subfield></datafield><datafield ind1=" " ind2=" " tag="508"><subfield code="a">Drehbuch: Fernando Pérez; Kamera: Raúl Pérez Ureta</subfield></datafield><datafield ind1="8" ind2=" " tag="520"><subfield code="a">&quot;Ode à la capitale cubaine, Fernando Pérez nous fait participer à la vie de sa ville natale un jour entier. Il suit une dizaine de simples Cubains dans leurs allées et venues, leur quotidien, les met en scène en un montage vertigineux. Les liens qu'ils entretiennent entre eux sont ténus, voire inexistants, mais le spectateur ne tarde pas à s'attacher à la vendeuse de cacahuètes, à l'enfant trisomique, à l'ouvrier des chemins de fer que l'on découvre au fil de la journée dans des vies multiples et souvent secrètes.&quot;</subfield><subfield code="5">RERO/geumem/06.2009</subfield></datafield><datafield ind1="8" ind2=" " tag="520"><subfield code="a">Documentaire</subfield><subfield code="5">RERO/vsbcvs/12.2015</subfield></datafield><datafield ind1=" " ind2=" " tag="538"><subfield code="a">Ländercode: 2</subfield></datafield><datafield ind1="1" ind2="7" tag="600"><subfield code="a">Pérez, Fernando</subfield><subfield code="d">1944-</subfield><subfield code="0">(DE-588)136824099</subfield><subfield code="2">gnd</subfield></datafield><datafield ind1=" " ind2="7" tag="650"><subfield code="a">Société</subfield><subfield code="0">(IDREF)269230165</subfield><subfield code="2">idref</subfield></datafield><datafield ind1=" " ind2="7" tag="650"><subfield code="a">vie quotidienne</subfield><subfield code="0">(RERO)A010036329</subfield><subfield code="2">rerovoc</subfield></datafield><datafield ind1=" " ind2="7" tag="650"><subfield code="a">Modes de vie</subfield><subfield code="0">(IDREF)028083202</subfield><subfield code="2">idref</subfield></datafield><datafield ind1=" " ind2="7" tag="650"><subfield code="a">Film</subfield><subfield code="0">(DE-588)4017102-4</subfield><subfield code="2">gnd</subfield></datafield><datafield ind1=" " ind2="7" tag="650"><subfield code="a">ALLTAGSLEBEN (ETHNOLOGIE)</subfield><subfield code="9">ger</subfield><subfield code="0">(ETHUDK)000056274</subfield><subfield code="2">ethudk</subfield></datafield><datafield ind1=" " ind2="7" tag="650"><subfield code="a">DIGITAL VERSATILE DISC, DVD (DOKUMENTENTYP)</subfield><subfield code="9">ger</subfield><subfield code="0">(ETHUDK)000062823</subfield><subfield code="2">ethudk</subfield></datafield><datafield ind1=" " ind2="7" tag="650"><subfield code="a">DOKUMENTARFILME</subfield><subfield code="9">ger</subfield><subfield code="0">(ETHUDK)000044924</subfield><subfield code="2">ethudk</subfield></datafield><datafield ind1=" " ind2="7" tag="650"><subfield code="a">KUBA (KARIBIK). REPUBLIK KUBA</subfield><subfield code="9">ger</subfield><subfield code="0">(ETHUDK)000007759</subfield><subfield code="2">ethudk</subfield></datafield><datafield ind1=" " ind2="7" tag="650"><subfield code="a">LA HABANA, HAVANNA, STADT UND PROVINZ (KUBA)</subfield><subfield code="9">ger</subfield><subfield code="0">(ETHUDK)000007761</subfield><subfield code="2">ethudk</subfield></datafield><datafield ind1=" " ind2="7" tag="650"><subfield code="a">Amerika</subfield><subfield code="9">ger</subfield><subfield code="0">(TWSE)252</subfield><subfield code="2">twse</subfield></datafield><datafield ind1=" " ind2="7" tag="650"><subfield code="a">Arbeit</subfield><subfield code="9">ger</subfield><subfield code="0">(TWSE)303</subfield><subfield code="2">twse</subfield></datafield><datafield ind1=" " ind2="7" tag="650"><subfield code="a">Armut</subfield><subfield code="9">ger</subfield><subfield code="0">(TWSE)343</subfield><subfield code="2">twse</subfield></datafield><datafield ind1=" " ind2="7" tag="650"><subfield code="a">Audiovisuelle Medien</subfield><subfield code="9">ger</subfield><subfield code="0">(TWSE)378</subfield><subfield code="2">twse</subfield></datafield><datafield ind1=" " ind2="7" tag="650"><subfield code="a">Behinderung</subfield><subfield code="9">ger</subfield><subfield code="0">(TWSE)491</subfield><subfield code="2">twse</subfield></datafield><datafield ind1=" " ind2="7" tag="650"><subfield code="a">Karibik</subfield><subfield code="9">ger</subfield><subfield code="0">(TWSE)1877</subfield><subfield code="2">twse</subfield></datafield><datafield ind1=" " ind2="7" tag="650"><subfield code="a">Krankheit</subfield><subfield code="9">ger</subfield><subfield code="0">(TWSE)2057</subfield><subfield code="2">twse</subfield></datafield><datafield ind1=" " ind2="7" tag="650"><subfield code="a">Kuba</subfield><subfield code="9">ger</subfield><subfield code="0">(TWSE)2083</subfield><subfield code="2">twse</subfield></datafield><datafield ind1=" " ind2="7" tag="650"><subfield code="a">Lateinamerika</subfield><subfield code="9">ger</subfield><subfield code="0">(TWSE)2164</subfield><subfield code="2">twse</subfield></datafield><datafield ind1=" " ind2="7" tag="650"><subfield code="a">Musik</subfield><subfield code="9">ger</subfield><subfield code="0">(TWSE)2449</subfield><subfield code="2">twse</subfield></datafield><datafield ind1=" " ind2="7" tag="650"><subfield code="a">Stadt</subfield><subfield code="9">ger</subfield><subfield code="0">(TWSE)3325</subfield><subfield code="2">twse</subfield></datafield><datafield ind1=" " ind2="7" tag="650"><subfield code="a">Theater</subfield><subfield code="9">ger</subfield><subfield code="0">(TWSE)3485</subfield><subfield code="2">twse</subfield></datafield><datafield ind1=" " ind2="7" tag="651"><subfield code="a">La Havane (Cuba)</subfield><subfield code="0">(IDREF)027382443</subfield><subfield code="2">idref</subfield></datafield><datafield ind1=" " ind2="7" tag="651"><subfield code="a">Spanisch</subfield><subfield code="z">Kuba</subfield><subfield code="2">swd</subfield></datafield><datafield ind1=" " ind2="7" tag="651"><subfield code="a">Havanna</subfield><subfield code="0">(DE-588)4023865-9</subfield><subfield code="2">gnd</subfield></datafield><datafield ind1=" " ind2="7" tag="655"><subfield code="a">DVD</subfield><subfield code="2">idref</subfield><subfield code="0">(IDREF)035108444</subfield></datafield><datafield ind1=" " ind2="7" tag="655"><subfield code="a">DVD</subfield><subfield code="2">gnd</subfield></datafield><datafield ind1=" " ind2=" " tag="690"><subfield code="a">Kuba</subfield><subfield code="x">Dokumentarfilm</subfield><subfield code="x">2000-2010</subfield><subfield code="2">nebis-E4</subfield></datafield><datafield ind1=" " ind2=" " tag="690"><subfield code="a">Havanna</subfield><subfield code="x">Filmthema</subfield><subfield code="2">nebis-E4</subfield></datafield><datafield ind1=" " ind2=" " tag="690"><subfield code="a">Alltag</subfield><subfield code="x">Filmthema</subfield><subfield code="2">nebis-E4</subfield></datafield><datafield ind1=" " ind2=" " tag="690"><subfield code="a">Pérez, Fernando</subfield><subfield code="d">1944-</subfield><subfield code="2">nebis-E5</subfield></datafield><datafield ind1="1" ind2=" " tag="700"><subfield code="a">Pérez, Fernando</subfield><subfield code="d">1944-</subfield><subfield code="0">(DE-588)136824099</subfield></datafield><datafield ind1="1" ind2=" " tag="700"><subfield code="a">Yip, Julia</subfield></datafield><datafield ind1="1" ind2=" " tag="700"><subfield code="a">Pérez Ureta, Raúl</subfield></datafield><datafield ind1="1" ind2=" " tag="700"><subfield code="a">Pérez, Fernando</subfield></datafield><datafield ind1="1" ind2=" " tag="700"><subfield code="a">Pérez Valdés, Fernando</subfield><subfield code="d">1944-....</subfield><subfield code="0">(IDREF)070511837</subfield></datafield><datafield ind1="1" ind2=" " tag="700"><subfield code="a">Alejandro, Edesio</subfield><subfield code="d">1958-....</subfield><subfield code="0">(IDREF)108785076</subfield></datafield><datafield ind1=" " ind2="0" tag="830"><subfield code="a">Trigon-Film DVD-Edition</subfield><subfield code="v">16</subfield><subfield code="w">(RERO)R003126707-41slsp</subfield></datafield><datafield ind1=" " ind2=" " tag="900"><subfield code="a">IDSZ2zbzvid200411e</subfield><subfield code="c">IDSZ2staub</subfield></datafield></record>
</metadata></record>