<record><header><identifier>oai:alma.41SLSP_UGE:991000767249705502</identifier><datestamp>2024-05-03T00:52:05Z</datestamp><setSpec>uge_bcen_RapidILL_BOOK</setSpec><setSpec>uge_aaca_RapidILL_BOOK</setSpec><setSpec>uge_abels_RapidILL_BOOK</setSpec><setSpec>uge_dbu_RapidILL_BOOK</setSpec><setSpec>uge_cmu_RapidILL_BOOK</setSpec><setSpec>uge_mail_RapidILL_BOOK</setSpec><setSpec>uge_abbat_RapidILL_BOOK</setSpec><setSpec>UNIGE_ALL</setSpec><setSpec>uge_acar_RapidILL_BOOK</setSpec><setSpec>uge_aobs_RapidILL_BOOK</setSpec></header><metadata>
<record xmlns="http://www.loc.gov/MARC21/slim" xmlns:xsi="http://www.w3.org/2001/XMLSchema-instance" xsi:schemaLocation="http://www.loc.gov/MARC21/slim http://www.loc.gov/standards/marcxml/schema/MARC21slim.xsd"><leader>01900nam a2200493 c 4500</leader><controlfield tag="001">991000767249705502</controlfield><controlfield tag="005">20231204154045.0</controlfield><controlfield tag="008">201011s1964    sz ||||| |||| 00| ||fre d</controlfield><datafield ind1=" " ind2=" " tag="035"><subfield code="a">(swissbib)220286159-41slsp_network</subfield></datafield><datafield ind1=" " ind2=" " tag="035"><subfield code="a">220286159</subfield><subfield code="9">ExL</subfield></datafield><datafield ind1=" " ind2=" " tag="035"><subfield code="a">(RERO)0296502-41slsp</subfield></datafield><datafield ind1=" " ind2=" " tag="035"><subfield code="a">(NEBIS)006617186EBI01</subfield></datafield><datafield ind1=" " ind2=" " tag="035"><subfield code="a">(IDSBB)000675846DSV01</subfield></datafield><datafield ind1=" " ind2=" " tag="035"><subfield code="a">(EXLNZ-41SLSP_NETWORK)991045827949705501</subfield></datafield><datafield ind1=" " ind2=" " tag="040"><subfield code="a">RERO</subfield><subfield code="d">CH-ZuSLS</subfield></datafield><datafield ind1=" " ind2=" " tag="044"><subfield code="a">sz</subfield><subfield code="c">ch-ge</subfield></datafield><datafield ind1=" " ind2="7" tag="072"><subfield code="a">fr</subfield><subfield code="2">rero</subfield></datafield><datafield ind1=" " ind2="7" tag="072"><subfield code="a">rs</subfield><subfield code="2">SzZuIDS BS/BE</subfield></datafield><datafield ind1="1" ind2=" " tag="080"><subfield code="a">840&quot;18&quot;VER.P44</subfield></datafield><datafield ind1="0" ind2="4" tag="082"><subfield code="a">846.8</subfield><subfield code="b">V521m</subfield></datafield><datafield ind1="1" ind2=" " tag="100"><subfield code="a">Verlaine, Paul</subfield><subfield code="c">poète</subfield><subfield code="d">1844-1896</subfield><subfield code="6">880-01</subfield><subfield code="0">(IDREF)027181278</subfield><subfield code="4">cre</subfield></datafield><datafield ind1="1" ind2=" " tag="880"><subfield code="6">100-01</subfield><subfield code="a">Verlaine, Paul</subfield><subfield code="d">1844-1896</subfield><subfield code="0">(DE-588)118804219</subfield></datafield><datafield ind1="1" ind2="0" tag="245"><subfield code="a">Lettres inédites à Charles Morice</subfield><subfield code="c">Paul Verlaine ; publiées et annotées par Georges Zayed</subfield></datafield><datafield ind1=" " ind2="1" tag="264"><subfield code="a">Genève</subfield><subfield code="b">Libr. Droz</subfield><subfield code="a">Paris</subfield><subfield code="b">Libr. Minard</subfield><subfield code="c">1964</subfield></datafield><datafield ind1=" " ind2=" " tag="300"><subfield code="a">LXXXIV, 152 p.</subfield><subfield code="b">ill.</subfield><subfield code="c">19 cm</subfield></datafield><datafield ind1=" " ind2=" " tag="336"><subfield code="b">txt</subfield><subfield code="2">rdacontent</subfield></datafield><datafield ind1=" " ind2=" " tag="337"><subfield code="b">n</subfield><subfield code="2">rdamedia</subfield></datafield><datafield ind1=" " ind2=" " tag="338"><subfield code="b">nc</subfield><subfield code="2">rdacarrier</subfield></datafield><datafield ind1="1" ind2=" " tag="490"><subfield code="a">Textes littéraires français</subfield><subfield code="v">106</subfield></datafield><datafield ind1="1" ind2="7" tag="600"><subfield code="a">Verlaine, Paul</subfield><subfield code="c">poète</subfield><subfield code="d">1844-1896</subfield><subfield code="0">(IDREF)027181278</subfield><subfield code="2">idref</subfield></datafield><datafield ind1="1" ind2="7" tag="600"><subfield code="a">Morice, Charles</subfield><subfield code="d">1860-1919</subfield><subfield code="0">(DE-588)116928883</subfield><subfield code="2">gnd</subfield></datafield><datafield ind1="1" ind2="7" tag="600"><subfield code="a">Verlaine, Paul</subfield><subfield code="d">1844-1896</subfield><subfield code="0">(DE-588)118804219</subfield><subfield code="2">gnd</subfield></datafield><datafield ind1="1" ind2="0" tag="600"><subfield code="a">Morice, Charles, 1861-1919</subfield><subfield code="v">Correspondence</subfield></datafield><datafield ind1="1" ind2="0" tag="600"><subfield code="a">Morice, Charles</subfield><subfield code="d">1861-1919</subfield><subfield code="v">Correspondence</subfield></datafield><datafield ind1="1" ind2="0" tag="600"><subfield code="a">Morice, Charles</subfield><subfield code="d">1861-1919</subfield><subfield code="x">Correspondence</subfield></datafield><datafield ind1="1" ind2="0" tag="600"><subfield code="a">Verlaine, Paul</subfield><subfield code="d">1844-1896</subfield><subfield code="x">Correspondence</subfield></datafield><datafield ind1=" " ind2="0" tag="650"><subfield code="a">Authors, French</subfield><subfield code="y">19th century</subfield><subfield code="x">Correspondence</subfield></datafield><datafield ind1=" " ind2="7" tag="655"><subfield code="a">Correspondance</subfield><subfield code="0">(IDREF)027490122</subfield><subfield code="2">idref</subfield></datafield><datafield ind1=" " ind2="7" tag="655"><subfield code="a">Briefsammlung</subfield><subfield code="2">gnd-content</subfield></datafield><datafield ind1=" " ind2=" " tag="690"><subfield code="a">Morice, Charles</subfield><subfield code="2">uzb-Z9</subfield></datafield><datafield ind1="1" ind2=" " tag="700"><subfield code="a">Morice, Charles</subfield></datafield><datafield ind1="1" ind2=" " tag="700"><subfield code="a">Zayed, Georges</subfield><subfield code="0">(RERO)A003996156</subfield></datafield><datafield ind1=" " ind2=" " tag="830"><subfield code="a">Textes littéraires français</subfield><subfield code="p">Droz</subfield><subfield code="v">106</subfield><subfield code="w">(RERO)0004947-41slsp</subfield></datafield><datafield ind1=" " ind2=" " tag="900"><subfield code="a">REROnoselfmerge</subfield></datafield><datafield ind1=" " ind2=" " tag="900"><subfield code="a">IDSZRMedeaZBZ</subfield><subfield code="b">IDSZRKonvolut</subfield></datafield></record>
</metadata></record>