<record><header><identifier>oai:alma.41SLSP_UGE:991000767349705502</identifier><datestamp>2024-03-08T01:26:06Z</datestamp><setSpec>uge_bcen_RapidILL_BOOK</setSpec><setSpec>uge_aaca_RapidILL_BOOK</setSpec><setSpec>uge_abels_RapidILL_BOOK</setSpec><setSpec>uge_dbu_RapidILL_BOOK</setSpec><setSpec>uge_cmu_RapidILL_BOOK</setSpec><setSpec>uge_mail_RapidILL_BOOK</setSpec><setSpec>uge_abbat_RapidILL_BOOK</setSpec><setSpec>UNIGE_ALL</setSpec><setSpec>uge_aobs_RapidILL_BOOK</setSpec><setSpec>uge_acar_RapidILL_BOOK</setSpec></header><metadata>
<record xmlns="http://www.loc.gov/MARC21/slim" xmlns:xsi="http://www.w3.org/2001/XMLSchema-instance" xsi:schemaLocation="http://www.loc.gov/MARC21/slim http://www.loc.gov/standards/marcxml/schema/MARC21slim.xsd"><leader>04037nam a2200565 c 4500</leader><controlfield tag="001">991000767349705502</controlfield><controlfield tag="005">20240307235902.0</controlfield><controlfield tag="008">190426s2019    xxk      b    001 0 eng d</controlfield><datafield ind1=" " ind2=" " tag="020"><subfield code="a">0745664083</subfield><subfield code="q">hardback</subfield></datafield><datafield ind1=" " ind2=" " tag="020"><subfield code="a">0745664105</subfield><subfield code="q">paperback</subfield></datafield><datafield ind1=" " ind2=" " tag="020"><subfield code="a">9780745664088</subfield><subfield code="q">hardback</subfield></datafield><datafield ind1=" " ind2=" " tag="020"><subfield code="a">9780745664101</subfield><subfield code="q">paperback</subfield></datafield><datafield ind1=" " ind2=" " tag="020"><subfield code="z">9781509535972</subfield><subfield code="q">electronic publication</subfield></datafield><datafield ind1=" " ind2=" " tag="035"><subfield code="a">(swissbib)125641613-41slsp_network</subfield></datafield><datafield ind1=" " ind2=" " tag="035"><subfield code="a">125641613</subfield><subfield code="9">ExL</subfield></datafield><datafield ind1=" " ind2=" " tag="035"><subfield code="a">(RERO)R008919088-41slsp</subfield></datafield><datafield ind1=" " ind2=" " tag="035"><subfield code="a">(ABN)000898270ABN01</subfield></datafield><datafield ind1=" " ind2=" " tag="035"><subfield code="a">(EXLNZ-41SLSP_NETWORK)991131813419705501</subfield></datafield><datafield ind1=" " ind2=" " tag="040"><subfield code="a">DLC</subfield><subfield code="b">eng</subfield><subfield code="e">rda</subfield><subfield code="d">CH-ZuSLS</subfield></datafield><datafield ind1="0" ind2="0" tag="050"><subfield code="a">LA1131.82</subfield><subfield code="b">.R93 2019</subfield></datafield><datafield ind1=" " ind2="7" tag="072"><subfield code="a">pe</subfield><subfield code="2">rero</subfield></datafield><datafield ind1="0" ind2="0" tag="082"><subfield code="a">370.951</subfield><subfield code="2">23</subfield></datafield><datafield ind1="1" ind2=" " tag="100"><subfield code="a">Ryan, Janette</subfield><subfield code="d">1956-....</subfield><subfield code="0">(IDREF)14810889X</subfield><subfield code="4">cre</subfield></datafield><datafield ind1="1" ind2="0" tag="245"><subfield code="a">Education in China</subfield><subfield code="b">philosophy, politics and culture</subfield><subfield code="c">Janette Ryan</subfield></datafield><datafield ind1=" " ind2="1" tag="264"><subfield code="a">Cambridge, UK</subfield><subfield code="a">Medford, MA</subfield><subfield code="b">Polity</subfield><subfield code="c">2019</subfield></datafield><datafield ind1=" " ind2=" " tag="300"><subfield code="a">ix, 242 pages</subfield><subfield code="c">22 cm</subfield></datafield><datafield ind1=" " ind2=" " tag="336"><subfield code="b">txt</subfield><subfield code="2">rdacontent</subfield></datafield><datafield ind1=" " ind2=" " tag="337"><subfield code="b">n</subfield><subfield code="2">rdamedia</subfield></datafield><datafield ind1=" " ind2=" " tag="338"><subfield code="b">nc</subfield><subfield code="2">rdacarrier</subfield></datafield><datafield ind1="0" ind2=" " tag="490"><subfield code="a">China today</subfield></datafield><datafield ind1=" " ind2=" " tag="500"><subfield code="a">Machine generated contents note: Introduction Chapter 1: History of education in China from Confucius to the present Chapter 2: Formal and informal education policies, structures, governance and contexts Chapter 3: Education reform and internationalisation Chapter 4: Inequalities and disparities Chapter 5: Tradition and innovation Chapter 6: China's changing relationships with the world and future challenges</subfield></datafield><datafield ind1=" " ind2=" " tag="504"><subfield code="a">Includes bibliographical references and index</subfield></datafield><datafield ind1="8" ind2=" " tag="520"><subfield code="a">&quot;This book analyses the historical and contemporary place of education in China's political, social and cultural life, and how the past has influenced trends in education in China today. Ryan shows a nation grappling with how to modernize and internationalize its education system while still retaining China's intellectual traditions and values&quot; -- Provided by publisher</subfield></datafield><datafield ind1="8" ind2=" " tag="520"><subfield code="a">&quot;Throughout its history, education in China has played a pivotal role in the nation's governance, civic society, and the social and cultural lives of its citizens. Today we see a nation grappling with how to modernize and internationalize its education system while still retaining China's intellectual traditions and values in the face of growing educational inequalities. This book analyses the historical and contemporary place of education in China and how the past has influenced today's trends. Recent fundamental educational reforms have been driven by the need for continuing economic development and a highly skilled workforce, at the same time fulfilling the aspirations of its citizens and their desire for the prestige education brings. Moreover, ideological education plays a key role in enlisting citizens to the national cause. Although China has ambitious plans for its education system, several problems remain, including an examination-obsessed system and highly competitive culture which skew the social fabric, dominating family life and childhoods. This accessible analysis will be a welcome resource for students of comparative education as well as those across the social sciences interested in Chinese society&quot; -- Provided by publisher</subfield></datafield><datafield ind1=" " ind2="0" tag="650"><subfield code="a">Education</subfield><subfield code="x">Aims and objectives</subfield><subfield code="z">China</subfield></datafield><datafield ind1=" " ind2="0" tag="650"><subfield code="a">Education</subfield><subfield code="z">China</subfield><subfield code="x">Philosophy</subfield></datafield><datafield ind1=" " ind2="0" tag="650"><subfield code="a">Education and globalization</subfield><subfield code="z">China</subfield></datafield><datafield ind1=" " ind2="0" tag="650"><subfield code="a">Education and state</subfield><subfield code="z">China</subfield></datafield><datafield ind1=" " ind2="0" tag="650"><subfield code="a">Educational change</subfield><subfield code="z">China</subfield></datafield><datafield ind1=" " ind2="7" tag="650"><subfield code="a">Éducation</subfield><subfield code="0">(IDREF)027555100</subfield><subfield code="2">idref</subfield></datafield><datafield ind1=" " ind2="7" tag="650"><subfield code="a">Systèmes d'enseignement</subfield><subfield code="0">(IDREF)027613542</subfield><subfield code="2">idref</subfield></datafield><datafield ind1=" " ind2="7" tag="650"><subfield code="a">Änderung</subfield><subfield code="0">(DE-588)4128256-5</subfield><subfield code="2">gnd</subfield></datafield><datafield ind1=" " ind2="7" tag="650"><subfield code="a">Erzieherverhalten</subfield><subfield code="0">(DE-588)4121219-8</subfield><subfield code="2">gnd</subfield></datafield><datafield ind1=" " ind2="7" tag="650"><subfield code="a">Erziehung</subfield><subfield code="0">(DE-588)4015482-8</subfield><subfield code="2">gnd</subfield></datafield><datafield ind1=" " ind2="7" tag="650"><subfield code="a">Erziehungsphilosophie</subfield><subfield code="0">(DE-588)4070955-3</subfield><subfield code="2">gnd</subfield></datafield><datafield ind1=" " ind2="7" tag="650"><subfield code="a">Globalisierung</subfield><subfield code="0">(DE-588)4557997-0</subfield><subfield code="2">gnd</subfield></datafield><datafield ind1=" " ind2="7" tag="650"><subfield code="a">Staat</subfield><subfield code="0">(DE-588)4056618-3</subfield><subfield code="2">gnd</subfield></datafield><datafield ind1=" " ind2="7" tag="651"><subfield code="a">Chine</subfield><subfield code="0">(IDREF)027633179</subfield><subfield code="2">idref</subfield></datafield><datafield ind1=" " ind2="7" tag="651"><subfield code="a">China</subfield><subfield code="0">(DE-588)4009937-4</subfield><subfield code="2">gnd</subfield></datafield><datafield ind1=" " ind2=" " tag="900"><subfield code="a">REROnoselfmerge</subfield></datafield><datafield ind1=" " ind2=" " tag="910"><subfield code="a">OCoLC</subfield><subfield code="b">20190426</subfield><subfield code="c">Réutilisation sous conditions: Licence ODC-BY</subfield></datafield></record>
</metadata></record>