<record><header><identifier>oai:alma.41SLSP_UGE:991000766829705502</identifier><datestamp>2024-07-11T00:09:49Z</datestamp><setSpec>uge_bcen_RapidILL_BOOK</setSpec><setSpec>uge_aaca_RapidILL_BOOK</setSpec><setSpec>uge_abels_RapidILL_BOOK</setSpec><setSpec>uge_dbu_RapidILL_BOOK</setSpec><setSpec>uge_cmu_RapidILL_BOOK</setSpec><setSpec>uge_mail_RapidILL_BOOK</setSpec><setSpec>uge_abbat_RapidILL_BOOK</setSpec><setSpec>UNIGE_ALL</setSpec><setSpec>uge_acar_RapidILL_BOOK</setSpec><setSpec>uge_aobs_RapidILL_BOOK</setSpec></header><metadata>
<record xmlns="http://www.loc.gov/MARC21/slim" xmlns:xsi="http://www.w3.org/2001/XMLSchema-instance" xsi:schemaLocation="http://www.loc.gov/MARC21/slim http://www.loc.gov/standards/marcxml/schema/MARC21slim.xsd"><leader>01856nam a2200385 ca4500</leader><controlfield tag="001">991000766829705502</controlfield><controlfield tag="005">20230220194915.0</controlfield><controlfield tag="008">201011m19751992fr ||||| |||| 00| ||fre d</controlfield><datafield ind1=" " ind2=" " tag="019"><subfield code="a">Übergeordnete Aufnahme = Niveau supérieur = Livello superiore</subfield><subfield code="5">SLSP/2020</subfield></datafield><datafield ind1=" " ind2=" " tag="035"><subfield code="a">(swissbib)226315479-41slsp_network</subfield></datafield><datafield ind1=" " ind2=" " tag="035"><subfield code="a">226315479</subfield><subfield code="9">ExL</subfield></datafield><datafield ind1=" " ind2=" " tag="035"><subfield code="a">(RERO)0785191-41slsp</subfield></datafield><datafield ind1=" " ind2=" " tag="035"><subfield code="a">(NEBIS)000396716EBI01</subfield></datafield><datafield ind1=" " ind2=" " tag="035"><subfield code="a">(EXLNZ-41SLSP_NETWORK)991103605589705501</subfield></datafield><datafield ind1=" " ind2=" " tag="040"><subfield code="a">RERO lauspy</subfield><subfield code="d">CH-ZuSLS</subfield><subfield code="b">ger</subfield><subfield code="e">rda</subfield></datafield><datafield ind1=" " ind2="7" tag="072"><subfield code="a">ma</subfield><subfield code="2">rero</subfield></datafield><datafield ind1=" " ind2=" " tag="084"><subfield code="a">60Z</subfield><subfield code="2">msc</subfield></datafield><datafield ind1="1" ind2=" " tag="100"><subfield code="6">880-03</subfield><subfield code="a">Dellacherie, Claude</subfield><subfield code="d">1943-....</subfield><subfield code="0">(IDREF)026821060</subfield><subfield code="4">aut</subfield></datafield><datafield ind1="1" ind2=" " tag="880"><subfield code="6">100-03/(B</subfield><subfield code="a">Dellacherie, Claude</subfield><subfield code="d">1943-</subfield><subfield code="4">aut</subfield><subfield code="0">(DE-588)106584560X</subfield></datafield><datafield ind1="1" ind2="0" tag="245"><subfield code="a">Probabilités et potentiel</subfield><subfield code="c">Claude Dellacherie, Paul-André Meyer</subfield></datafield><datafield ind1=" " ind2=" " tag="250"><subfield code="a">Ed. entièrement refondue</subfield></datafield><datafield ind1=" " ind2="1" tag="264"><subfield code="a">Paris</subfield><subfield code="b">Hermann</subfield><subfield code="c">1975-1992</subfield></datafield><datafield ind1=" " ind2=" " tag="300"><subfield code="a">5 Bände</subfield><subfield code="b">Illustrationen</subfield><subfield code="c">24 cm</subfield></datafield><datafield ind1=" " ind2=" " tag="336"><subfield code="b">txt</subfield><subfield code="2">rdacontent</subfield></datafield><datafield ind1=" " ind2=" " tag="337"><subfield code="b">n</subfield><subfield code="2">rdamedia</subfield></datafield><datafield ind1=" " ind2=" " tag="338"><subfield code="b">nc</subfield><subfield code="2">rdacarrier</subfield></datafield><datafield ind1="0" ind2=" " tag="490"><subfield code="a">Actualités scientifiques et industrielles</subfield><subfield code="v">1372 ; 1385 ; 1410 ; 1417 ; 1434</subfield></datafield><datafield ind1="0" ind2=" " tag="490"><subfield code="a">Publications de l'Institut de mathématique de l'Université de Strasbourg</subfield><subfield code="v">16-20</subfield></datafield><datafield ind1=" " ind2=" " tag="500"><subfield code="a">Ursprüngliche Bezeichnung lautet Band A-D. Auf der Umschlagrückseite des letzten Bandes: Band I-V</subfield></datafield><datafield ind1=" " ind2="7" tag="650"><subfield code="a">potentiel - théorie</subfield><subfield code="0">(RERO)A010134983</subfield><subfield code="2">rerovoc</subfield></datafield><datafield ind1=" " ind2="7" tag="650"><subfield code="a">Probabilités</subfield><subfield code="0">(IDREF)027241289</subfield><subfield code="2">idref</subfield></datafield><datafield ind1=" " ind2="7" tag="650"><subfield code="a">MASS UND KAPAZITÄT (ANALYSIS)</subfield><subfield code="9">ger</subfield><subfield code="0">(ETHUDK)000013193</subfield><subfield code="2">ethudk</subfield></datafield><datafield ind1=" " ind2="7" tag="650"><subfield code="a">STOCHASTISCHE PROZESSE (WAHRSCHEINLICHKEITSRECHNUNG)</subfield><subfield code="9">ger</subfield><subfield code="0">(ETHUDK)000013536</subfield><subfield code="2">ethudk</subfield></datafield><datafield ind1=" " ind2="7" tag="650"><subfield code="a">WAHRSCHEINLICHKEITSVERTEILUNGEN + WAHRSCHEINLICHKEITSDICHTEN (WAHRSCHEINLICHKEITSRECHNUNG)</subfield><subfield code="9">ger</subfield><subfield code="0">(ETHUDK)000013528</subfield><subfield code="2">ethudk</subfield></datafield><datafield ind1="1" ind2=" " tag="700"><subfield code="6">880-02</subfield><subfield code="a">Meyer, Paul André</subfield><subfield code="d">1934-2003</subfield><subfield code="0">(DE-588)123445949</subfield><subfield code="4">aut</subfield></datafield><datafield ind1="1" ind2=" " tag="880"><subfield code="6">700-02</subfield><subfield code="a">Meyer, Paul-André</subfield><subfield code="d">1934-2003</subfield><subfield code="0">(IDREF)027026787</subfield></datafield></record>
</metadata></record>