<record><header><identifier>oai:alma.41SLSP_UGE:991000766619705502</identifier><datestamp>2023-03-01T01:09:48Z</datestamp><setSpec>uge_bcen_RapidILL_BOOK</setSpec><setSpec>uge_aaca_RapidILL_BOOK</setSpec><setSpec>uge_abels_RapidILL_BOOK</setSpec><setSpec>uge_dbu_RapidILL_BOOK</setSpec><setSpec>uge_cmu_RapidILL_BOOK</setSpec><setSpec>uge_mail_RapidILL_BOOK</setSpec><setSpec>uge_abbat_RapidILL_BOOK</setSpec><setSpec>UNIGE_ALL</setSpec><setSpec>uge_aobs_RapidILL_BOOK</setSpec><setSpec>uge_acar_RapidILL_BOOK</setSpec></header><metadata>
<record xmlns="http://www.loc.gov/MARC21/slim" xmlns:xsi="http://www.w3.org/2001/XMLSchema-instance" xsi:schemaLocation="http://www.loc.gov/MARC21/slim http://www.loc.gov/standards/marcxml/schema/MARC21slim.xsd"><leader>02909nam a2200721 c 4500</leader><controlfield tag="001">991000766619705502</controlfield><controlfield tag="005">20230227195826.0</controlfield><controlfield tag="008">201011s2001    xxu||||| |||| 00| ||eng d</controlfield><datafield ind1=" " ind2=" " tag="010"><subfield code="a">2001023547</subfield></datafield><datafield ind1=" " ind2=" " tag="015"><subfield code="a">GBA1-70573</subfield></datafield><datafield ind1="7" ind2=" " tag="016"><subfield code="a">0813920655</subfield><subfield code="2">Uk</subfield></datafield><datafield ind1=" " ind2=" " tag="020"><subfield code="a">0813920647</subfield><subfield code="q">cased</subfield><subfield code="c">No price</subfield></datafield><datafield ind1=" " ind2=" " tag="020"><subfield code="a">0813920655</subfield><subfield code="q">pbk.</subfield><subfield code="c">No price</subfield></datafield><datafield ind1="7" ind2=" " tag="024"><subfield code="a">http://catalogue.bnf.fr/ark:/12148/cb38812962k</subfield><subfield code="2">uri</subfield></datafield><datafield ind1=" " ind2=" " tag="035"><subfield code="a">(swissbib)227414527-41slsp_network</subfield></datafield><datafield ind1=" " ind2=" " tag="035"><subfield code="a">227414527</subfield><subfield code="9">ExL</subfield></datafield><datafield ind1=" " ind2=" " tag="035"><subfield code="a">(RERO)R003204011-41slsp</subfield></datafield><datafield ind1=" " ind2=" " tag="035"><subfield code="a">(IDSBB)002603942DSV01</subfield></datafield><datafield ind1=" " ind2=" " tag="035"><subfield code="a">(NEBIS)004375375EBI01</subfield></datafield><datafield ind1=" " ind2=" " tag="035"><subfield code="a">(EXLNZ-41SLSP_NETWORK)991160161629705501</subfield></datafield><datafield ind1=" " ind2=" " tag="040"><subfield code="a">RERO geullc</subfield><subfield code="d">CH-ZuSLS</subfield></datafield><datafield ind1=" " ind2=" " tag="050"><subfield code="a">PS366.A88</subfield><subfield code="b">A4 2001</subfield></datafield><datafield ind1=" " ind2="7" tag="072"><subfield code="a">lc</subfield><subfield code="2">rero</subfield></datafield><datafield ind1=" " ind2="7" tag="072"><subfield code="a">le</subfield><subfield code="2">SzZuIDS BS/BE</subfield></datafield><datafield ind1=" " ind2="7" tag="072"><subfield code="a">nw</subfield><subfield code="2">SzZuIDS BS/BE</subfield></datafield><datafield ind1="0" ind2="0" tag="082"><subfield code="a">818/.5409492</subfield><subfield code="2">21</subfield></datafield><datafield ind1="0" ind2="4" tag="082"><subfield code="a">818 .5409492</subfield><subfield code="2">21</subfield></datafield><datafield ind1="1" ind2="4" tag="082"><subfield code="a">500</subfield><subfield code="2">15</subfield></datafield><datafield ind1=" " ind2=" " tag="084"><subfield code="a">HU 1831</subfield><subfield code="2">rvk</subfield></datafield><datafield ind1="1" ind2=" " tag="100"><subfield code="a">Allister, Mark Christopher</subfield><subfield code="d">1956-....</subfield><subfield code="0">(IDREF)059898135</subfield><subfield code="4">cre</subfield></datafield><datafield ind1="1" ind2="0" tag="245"><subfield code="a">Refiguring the map of sorrow</subfield><subfield code="b">nature writing and autobiography</subfield><subfield code="c">Mark Allister</subfield></datafield><datafield ind1=" " ind2="1" tag="264"><subfield code="a">Charlottesville Va. [etc.]</subfield><subfield code="b">University Press of Virginia</subfield><subfield code="c">2001</subfield></datafield><datafield ind1=" " ind2=" " tag="300"><subfield code="a">VIII, 199 p.</subfield><subfield code="c">24 cm</subfield></datafield><datafield ind1=" " ind2=" " tag="336"><subfield code="b">txt</subfield><subfield code="2">rdacontent</subfield></datafield><datafield ind1=" " ind2=" " tag="337"><subfield code="b">n</subfield><subfield code="2">rdamedia</subfield></datafield><datafield ind1=" " ind2=" " tag="338"><subfield code="b">nc</subfield><subfield code="2">rdacarrier</subfield></datafield><datafield ind1="1" ind2=" " tag="490"><subfield code="a">Under the sign of nature</subfield></datafield><datafield ind1=" " ind2=" " tag="504"><subfield code="a">Includes bibliographical references (p. [183]-192) and index</subfield></datafield><datafield ind1=" " ind2="7" tag="650"><subfield code="a">Autobiographie</subfield><subfield code="0">(IDREF)02759436X</subfield><subfield code="2">idref</subfield></datafield><datafield ind1=" " ind2="7" tag="650"><subfield code="a">Prose</subfield><subfield code="0">(IDREF)027656152</subfield><subfield code="2">idref</subfield></datafield><datafield ind1=" " ind2="7" tag="650"><subfield code="a">20e siècle</subfield><subfield code="0">(IDREF)086305646</subfield><subfield code="2">idref</subfield></datafield><datafield ind1=" " ind2="7" tag="650"><subfield code="a">Nature</subfield><subfield code="0">(IDREF)027257002</subfield><subfield code="2">idref</subfield></datafield><datafield ind1=" " ind2="7" tag="650"><subfield code="a">Littérature américaine</subfield><subfield code="0">(IDREF)027257843</subfield><subfield code="2">idref</subfield></datafield><datafield ind1=" " ind2="7" tag="650"><subfield code="a">Naturwissenschaften</subfield><subfield code="x">Autobiographie</subfield><subfield code="z">amerikanische</subfield><subfield code="y">Geschichte 20. Jh</subfield><subfield code="2">idsbb</subfield></datafield><datafield ind1=" " ind2="7" tag="650"><subfield code="a">Autobiographie</subfield><subfield code="z">amerikanische</subfield><subfield code="x">Naturwissenschaften</subfield><subfield code="y">Geschichte 20. Jh</subfield><subfield code="2">idsbb</subfield></datafield><datafield ind1=" " ind2="0" tag="650"><subfield code="a">American prose literature</subfield><subfield code="y">20th century</subfield><subfield code="x">History and criticism</subfield></datafield><datafield ind1=" " ind2="0" tag="650"><subfield code="a">Autobiography</subfield></datafield><datafield ind1=" " ind2="0" tag="650"><subfield code="a">Authors, American</subfield><subfield code="x">Biography</subfield><subfield code="x">History and criticism</subfield></datafield><datafield ind1=" " ind2="0" tag="650"><subfield code="a">Natural history</subfield><subfield code="z">United States</subfield><subfield code="x">Historiography</subfield></datafield><datafield ind1=" " ind2="0" tag="650"><subfield code="a">Nature in literature</subfield></datafield><datafield ind1=" " ind2="0" tag="650"><subfield code="a">Naturalists</subfield><subfield code="x">Biography</subfield><subfield code="x">History and criticism</subfield></datafield><datafield ind1=" " ind2="7" tag="650"><subfield code="a">Naturalismus</subfield><subfield code="0">(DE-588)4041365-2</subfield><subfield code="2">gnd</subfield></datafield><datafield ind1=" " ind2="7" tag="650"><subfield code="a">Prosa</subfield><subfield code="0">(DE-588)4047497-5</subfield><subfield code="2">gnd</subfield></datafield><datafield ind1=" " ind2="7" tag="650"><subfield code="a">American prose literature</subfield><subfield code="x">History and criticism</subfield><subfield code="y">20th century</subfield><subfield code="2">idszbzna</subfield></datafield><datafield ind1=" " ind2="7" tag="650"><subfield code="a">Authors, American</subfield><subfield code="v">Biography</subfield><subfield code="x">History and criticism</subfield><subfield code="2">idszbzna</subfield></datafield><datafield ind1=" " ind2="7" tag="650"><subfield code="a">Autobiography</subfield><subfield code="2">idszbzna</subfield></datafield><datafield ind1=" " ind2="7" tag="650"><subfield code="a">Natural history</subfield><subfield code="x">Historiography</subfield><subfield code="z">United States</subfield><subfield code="2">idszbzna</subfield></datafield><datafield ind1=" " ind2="7" tag="650"><subfield code="a">Naturalists</subfield><subfield code="x">Biography</subfield><subfield code="x">History and criticism</subfield><subfield code="2">idszbzna</subfield></datafield><datafield ind1=" " ind2="7" tag="650"><subfield code="a">Nature in literature</subfield><subfield code="2">idszbzna</subfield></datafield><datafield ind1=" " ind2="7" tag="651"><subfield code="a">USA</subfield><subfield code="0">(DE-588)4078704-7</subfield><subfield code="2">gnd</subfield></datafield><datafield ind1=" " ind2="7" tag="655"><subfield code="a">[Études diverses]</subfield><subfield code="0">(RERO)A022249905</subfield><subfield code="2">rero</subfield></datafield><datafield ind1=" " ind2="0" tag="830"><subfield code="a">Under the sign of nature</subfield></datafield><datafield ind1=" " ind2=" " tag="900"><subfield code="a">REROnoselfmerge</subfield></datafield><datafield ind1=" " ind2=" " tag="900"><subfield code="a">IDSZ2zbzmon200210f</subfield><subfield code="c">IDSZ2hilb</subfield><subfield code="d">IDSZ2nabswk200210b</subfield><subfield code="e">IDSZ2mahe</subfield></datafield></record>
</metadata></record>