<record><header><identifier>oai:alma.41SLSP_UGE:991000766729705502</identifier><datestamp>2023-03-01T01:09:48Z</datestamp><setSpec>uge_bcen_RapidILL_BOOK</setSpec><setSpec>uge_aaca_RapidILL_BOOK</setSpec><setSpec>uge_abels_RapidILL_BOOK</setSpec><setSpec>uge_dbu_RapidILL_BOOK</setSpec><setSpec>uge_cmu_RapidILL_BOOK</setSpec><setSpec>uge_mail_RapidILL_BOOK</setSpec><setSpec>UNIGE_ALL</setSpec><setSpec>uge_abbat_RapidILL_BOOK</setSpec><setSpec>uge_aobs_RapidILL_BOOK</setSpec><setSpec>uge_acar_RapidILL_BOOK</setSpec></header><metadata>
<record xmlns="http://www.loc.gov/MARC21/slim" xmlns:xsi="http://www.w3.org/2001/XMLSchema-instance" xsi:schemaLocation="http://www.loc.gov/MARC21/slim http://www.loc.gov/standards/marcxml/schema/MARC21slim.xsd"><leader>01838nam a2200397uc 4500</leader><controlfield tag="001">991000766729705502</controlfield><controlfield tag="005">20230221211048.0</controlfield><controlfield tag="008">201012t19951995xxu    |      10| ||eng|d</controlfield><datafield ind1=" " ind2=" " tag="020"><subfield code="a">188044674X</subfield></datafield><datafield ind1=" " ind2=" " tag="035"><subfield code="a">(swissbib)242518893-41slsp_network</subfield></datafield><datafield ind1=" " ind2=" " tag="035"><subfield code="a">242518893</subfield><subfield code="9">ExL</subfield></datafield><datafield ind1=" " ind2=" " tag="035"><subfield code="a">(NEBIS)001583834EBI01</subfield></datafield><datafield ind1=" " ind2=" " tag="035"><subfield code="a">(RERO)2163571-41slsp</subfield></datafield><datafield ind1=" " ind2=" " tag="035"><subfield code="a">(EXLNZ-41SLSP_NETWORK)991145813369705501</subfield></datafield><datafield ind1=" " ind2=" " tag="040"><subfield code="a">ETH-BIB</subfield><subfield code="b">ger</subfield><subfield code="e">ETHICS-ISBD</subfield><subfield code="d">CH-ZuSLS</subfield></datafield><datafield ind1=" " ind2="7" tag="072"><subfield code="a">in</subfield><subfield code="2">rero</subfield></datafield><datafield ind1="0" ind2="0" tag="245"><subfield code="a">Proceedings of the First USENIX Workshop of Electronic Commerce</subfield><subfield code="b">July 11-12, 1995, New York, New York, USA</subfield><subfield code="c">USENIX Association</subfield></datafield><datafield ind1="1" ind2=" " tag="246"><subfield code="a">&lt;&lt;The&gt;&gt; First USENIX Workshop on Electronic Commerce</subfield></datafield><datafield ind1=" " ind2="1" tag="264"><subfield code="a">Berkeley, CA</subfield><subfield code="b">USENIX Association</subfield><subfield code="c">[1995]</subfield></datafield><datafield ind1=" " ind2="4" tag="264"><subfield code="c">© 1995</subfield></datafield><datafield ind1=" " ind2=" " tag="300"><subfield code="a">225 S.</subfield><subfield code="c">28 cm</subfield><subfield code="b">Ill.</subfield></datafield><datafield ind1=" " ind2=" " tag="336"><subfield code="b">txt</subfield><subfield code="2">rdacontent</subfield></datafield><datafield ind1=" " ind2=" " tag="337"><subfield code="b">n</subfield><subfield code="2">rdamedia</subfield></datafield><datafield ind1=" " ind2=" " tag="338"><subfield code="b">nc</subfield><subfield code="2">rdacarrier</subfield></datafield><datafield ind1=" " ind2=" " tag="500"><subfield code="a">Auf dem Umschlag: The First USENIX Workshop on Electronic Commerce: conference - proceedings</subfield></datafield><datafield ind1=" " ind2="7" tag="650"><subfield code="a">BARGELDLOSER ZAHLUNGSVERKEHR + ELEKTRONISCHER ZAHLUNGSVERKEHR (FINANZEN)</subfield><subfield code="9">ger</subfield><subfield code="0">(ETHUDK)000010666</subfield><subfield code="2">ethudk</subfield></datafield><datafield ind1=" " ind2="7" tag="650"><subfield code="a">DIENSTLEISTUNGSHANDEL</subfield><subfield code="9">ger</subfield><subfield code="0">(ETHUDK)000052105</subfield><subfield code="2">ethudk</subfield></datafield><datafield ind1=" " ind2="7" tag="650"><subfield code="a">ELEKTRONISCHER HANDEL + ELEKTRONISCHER MARKT + DIGITAL ECONOMY</subfield><subfield code="9">ger</subfield><subfield code="0">(ETHUDK)000058219</subfield><subfield code="2">ethudk</subfield></datafield><datafield ind1=" " ind2="7" tag="650"><subfield code="a">INTERNET + WORLD WIDE WEB (COMPUTERSYSTEME)</subfield><subfield code="9">ger</subfield><subfield code="0">(ETHUDK)000050802</subfield><subfield code="2">ethudk</subfield></datafield><datafield ind1=" " ind2="7" tag="650"><subfield code="a">Commerce électronique</subfield><subfield code="0">(IDREF)034578390</subfield><subfield code="2">idref</subfield></datafield><datafield ind1=" " ind2="7" tag="655"><subfield code="a">Konferenzschrift</subfield><subfield code="z">New York (NY)</subfield><subfield code="y">1995/07</subfield><subfield code="2">gnd-content</subfield></datafield><datafield ind1=" " ind2="7" tag="655"><subfield code="a">Actes de congrès</subfield><subfield code="0">(IDREF)02886431X</subfield><subfield code="2">idref</subfield></datafield><datafield ind1="2" ind2=" " tag="710"><subfield code="a">USENIX Association</subfield><subfield code="0">(IDREF)192915398</subfield><subfield code="6">880-02</subfield></datafield><datafield ind1="2" ind2=" " tag="880"><subfield code="a">USENIX Association</subfield><subfield code="0">(DE-588)309466-2</subfield><subfield code="6">710-02</subfield></datafield><datafield ind1="2" ind2=" " tag="711"><subfield code="a">USENIX Workshop on Electronic Commerce</subfield><subfield code="n">1</subfield><subfield code="d">1995</subfield><subfield code="c">New York</subfield><subfield code="0">(RERO)A012535465</subfield></datafield><datafield ind1="2" ind2=" " tag="711"><subfield code="a">USENIX Workshop of Electronic Commerce</subfield><subfield code="0">(DE-588)109203207X</subfield></datafield><datafield ind1=" " ind2=" " tag="900"><subfield code="a">REROnoselfmerge</subfield></datafield></record>
</metadata></record>