<record><header><identifier>oai:alma.41SLSP_UGE:991000767459705502</identifier><datestamp>2024-03-08T01:24:31Z</datestamp><setSpec>uge_bcen_RapidILL_BOOK</setSpec><setSpec>uge_aaca_RapidILL_BOOK</setSpec><setSpec>uge_abels_RapidILL_BOOK</setSpec><setSpec>uge_dbu_RapidILL_BOOK</setSpec><setSpec>uge_cmu_RapidILL_BOOK</setSpec><setSpec>uge_mail_RapidILL_BOOK</setSpec><setSpec>uge_abbat_RapidILL_BOOK</setSpec><setSpec>UNIGE_ALL</setSpec><setSpec>uge_acar_RapidILL_BOOK</setSpec><setSpec>uge_aobs_RapidILL_BOOK</setSpec></header><metadata>
<record xmlns="http://www.loc.gov/MARC21/slim" xmlns:xsi="http://www.w3.org/2001/XMLSchema-instance" xsi:schemaLocation="http://www.loc.gov/MARC21/slim http://www.loc.gov/standards/marcxml/schema/MARC21slim.xsd"><leader>02163nam a2200445 c 4500</leader><controlfield tag="001">991000767459705502</controlfield><controlfield tag="005">20240307225316.0</controlfield><controlfield tag="008">201012s1923    sz            00| | ger  </controlfield><datafield ind1=" " ind2=" " tag="035"><subfield code="a">(swissbib)234084839-41slsp_network</subfield></datafield><datafield ind1=" " ind2=" " tag="035"><subfield code="a">234084839</subfield><subfield code="9">ExL</subfield></datafield><datafield ind1=" " ind2=" " tag="035"><subfield code="a">(IDSBB)003620655DSV01</subfield></datafield><datafield ind1=" " ind2=" " tag="035"><subfield code="a">(RERO)0115204-41slsp</subfield></datafield><datafield ind1=" " ind2=" " tag="035"><subfield code="a">(NEBIS)004203833EBI01</subfield></datafield><datafield ind1=" " ind2=" " tag="035"><subfield code="a">(IDSLU)000694561ILU01</subfield></datafield><datafield ind1=" " ind2=" " tag="035"><subfield code="a">(ABN)000356899ABN01</subfield></datafield><datafield ind1=" " ind2=" " tag="035"><subfield code="a">(EXLNZ-41SLSP_NETWORK)991116489469705501</subfield></datafield><datafield ind1=" " ind2=" " tag="040"><subfield code="a">SzZuIDS NEBIS ETH-BIB</subfield><subfield code="b">ger</subfield><subfield code="e">rda</subfield><subfield code="d">CH-ZuSLS</subfield></datafield><datafield ind1=" " ind2="7" tag="072"><subfield code="a">go</subfield><subfield code="2">rero</subfield></datafield><datafield ind1=" " ind2="7" tag="072"><subfield code="a">st</subfield><subfield code="2">rero</subfield></datafield><datafield ind1="1" ind2=" " tag="100"><subfield code="a">Cornelius, Hans Peter</subfield><subfield code="d">1888-1950</subfield><subfield code="0">(DE-588)116679980</subfield><subfield code="e">Verfasser</subfield><subfield code="4">aut</subfield><subfield code="6">880-01</subfield></datafield><datafield ind1="1" ind2=" " tag="880"><subfield code="a">Cornelius, Hans Peter</subfield><subfield code="0">(RERO)A003135907</subfield><subfield code="4">cre</subfield><subfield code="6">100-01</subfield></datafield><datafield ind1="1" ind2="0" tag="245"><subfield code="a">Vorläufige Mitteilung über geologische Aufnahmen in der Piz d'Err-Gruppe (Graubünden)</subfield><subfield code="c">von H.P. Cornelius</subfield></datafield><datafield ind1=" " ind2="1" tag="264"><subfield code="a">Bern</subfield><subfield code="b">In Kommission bei der Buchhandlung A. Francke</subfield><subfield code="c">1923</subfield></datafield><datafield ind1=" " ind2=" " tag="300"><subfield code="a">19 p.</subfield><subfield code="b">fig.</subfield><subfield code="c">32 cm</subfield></datafield><datafield ind1=" " ind2=" " tag="336"><subfield code="b">txt</subfield><subfield code="2">rdacontent</subfield></datafield><datafield ind1=" " ind2=" " tag="337"><subfield code="b">n</subfield><subfield code="2">rdamedia</subfield></datafield><datafield ind1=" " ind2=" " tag="338"><subfield code="b">nc</subfield><subfield code="2">rdacarrier</subfield></datafield><datafield ind1="1" ind2=" " tag="490"><subfield code="a">Beiträge zur geologischen Karte der Schweiz</subfield><subfield code="v">Lieferung 80, III. Abteilung = Neue Folge, L. Lieferung</subfield></datafield><datafield ind1="1" ind2=" " tag="490"><subfield code="a">Beiträge zur geologischen Karte der Schweiz. Neue Folge</subfield><subfield code="v">Lfg. 50, Abt. 3 = Lfg. 80, Abt. 3</subfield></datafield><datafield ind1=" " ind2="7" tag="650"><subfield code="a">Geologie</subfield><subfield code="0">(DE-588)4020227-6</subfield><subfield code="2">gnd</subfield></datafield><datafield ind1=" " ind2="7" tag="650"><subfield code="a">Géologie</subfield><subfield code="0">(IDREF)027227987</subfield><subfield code="2">idref</subfield></datafield><datafield ind1=" " ind2="7" tag="651"><subfield code="a">Err-Gruppe</subfield><subfield code="0">(DE-588)4513037-1</subfield><subfield code="2">gnd</subfield></datafield><datafield ind1=" " ind2="7" tag="651"><subfield code="a">Piz d'Err (Suisse, mont)</subfield><subfield code="0">(RERO)A010132724</subfield><subfield code="2">rero</subfield></datafield><datafield ind1=" " ind2=" " tag="690"><subfield code="a">Geologie</subfield><subfield code="2">rzs-LN</subfield></datafield><datafield ind1=" " ind2=" " tag="690"><subfield code="a">Graubünden</subfield><subfield code="2">rzs-LN</subfield></datafield><datafield ind1="0" ind2=" " tag="773"><subfield code="t">Sammelband ETH-KMP</subfield><subfield code="w">(NEBIS)004234743EBI01</subfield></datafield><datafield ind1=" " ind2=" " tag="830"><subfield code="a">Beiträge zur Geologischen Karte der Schweiz</subfield><subfield code="p">Neue Folge = Matériaux pour la Carte géologique de la Suisse. Nouvelle Série = Materiali per la carta geologica della Svizzera. Nuova serie</subfield><subfield code="v">50/3</subfield><subfield code="w">(IDSLU)000213047ILU01</subfield></datafield><datafield ind1=" " ind2=" " tag="830"><subfield code="a">Matériaux pour la carte géologique de la Suisse</subfield><subfield code="p">Nouvelle série</subfield><subfield code="v">50/3</subfield><subfield code="w">(RERO)0025310-41slsp</subfield></datafield><datafield ind1=" " ind2=" " tag="830"><subfield code="a">Beiträge zur Geologischen Karte der Schweiz</subfield><subfield code="v">80/3/50/3</subfield><subfield code="w">(IDSBB)000034878DSV01</subfield></datafield><datafield ind1=" " ind2=" " tag="830"><subfield code="a">Beiträge zur geologischen Karte der Schweiz</subfield><subfield code="p">Neue Folge</subfield><subfield code="v">50/3</subfield><subfield code="w">(NEBIS)000988913EBI01</subfield></datafield><datafield ind1=" " ind2=" " tag="900"><subfield code="a">REROnoselfmerge</subfield></datafield></record>
</metadata></record>