<record><header><identifier>oai:alma.41SLSP_UGE:991000767389705502</identifier><datestamp>2023-04-08T00:20:37Z</datestamp><setSpec>uge_cmu_RapidILL_JOURNAL</setSpec><setSpec>uge_aobs_RapidILL_JOURNAL</setSpec><setSpec>uge_aaca_RapidILL_JOURNAL</setSpec><setSpec>uge_bcen_RapidILL_JOURNAL</setSpec><setSpec>uge_abbat_RapidILL_JOURNAL</setSpec><setSpec>uge_dbu_RapidILL_JOURNAL</setSpec><setSpec>uge_mail_RapidILL_JOURNAL</setSpec><setSpec>uge_abels_RapidILL_JOURNAL</setSpec><setSpec>UNIGE_ALL</setSpec><setSpec>uge_acar_RapidILL_JOURNAL</setSpec></header><metadata>
<record xmlns="http://www.loc.gov/MARC21/slim" xmlns:xsi="http://www.w3.org/2001/XMLSchema-instance" xsi:schemaLocation="http://www.loc.gov/MARC21/slim http://www.loc.gov/standards/marcxml/schema/MARC21slim.xsd"><leader>01761nas a2200493 c 4500</leader><controlfield tag="001">991000767389705502</controlfield><controlfield tag="005">20230407135108.0</controlfield><controlfield tag="008">201012c19649999xxk | p       0    0eng|d</controlfield><datafield ind1="7" ind2=" " tag="016"><subfield code="a">410405-5</subfield><subfield code="2">ZDB</subfield></datafield><datafield ind1=" " ind2=" " tag="022"><subfield code="l">0021-8901</subfield></datafield><datafield ind1=" " ind2=" " tag="022"><subfield code="a">0021-8901</subfield></datafield><datafield ind1=" " ind2=" " tag="022"><subfield code="y">1365-2664</subfield></datafield><datafield ind1=" " ind2=" " tag="035"><subfield code="a">(swissbib)236971727-41slsp_network</subfield></datafield><datafield ind1=" " ind2=" " tag="035"><subfield code="a">236971727</subfield><subfield code="9">ExL</subfield></datafield><datafield ind1=" " ind2=" " tag="035"><subfield code="a">(NEBIS)000049253EBI01</subfield></datafield><datafield ind1=" " ind2=" " tag="035"><subfield code="a">(RERO)0977224-41slsp</subfield></datafield><datafield ind1=" " ind2=" " tag="035"><subfield code="a">(IDSBB)000067424DSV01</subfield></datafield><datafield ind1=" " ind2=" " tag="035"><subfield code="a">(IDSLU)001159449ILU01</subfield></datafield><datafield ind1=" " ind2=" " tag="035"><subfield code="a">(EXLNZ-41SLSP_NETWORK)991085940659705501</subfield></datafield><datafield ind1=" " ind2=" " tag="040"><subfield code="a">SzZuIDS NEBIS ETH-BIB</subfield><subfield code="b">ger</subfield><subfield code="e">rda</subfield><subfield code="d">CH-ZuSLS</subfield></datafield><datafield ind1=" " ind2="7" tag="072"><subfield code="a">bi</subfield><subfield code="2">rero</subfield></datafield><datafield ind1=" " ind2="7" tag="072"><subfield code="a">ur</subfield><subfield code="2">rero</subfield></datafield><datafield ind1=" " ind2="7" tag="072"><subfield code="a">uw</subfield><subfield code="2">SzZuIDS BS/BE</subfield></datafield><datafield ind1="1" ind2=" " tag="210"><subfield code="a">J. appl. ecol.</subfield><subfield code="b">Print</subfield></datafield><datafield ind1="0" ind2="0" tag="245"><subfield code="a">Journal of applied ecology</subfield><subfield code="c">ed. for the British Ecological Society</subfield></datafield><datafield ind1=" " ind2="1" tag="264"><subfield code="3">1964-1996</subfield><subfield code="a">Oxford</subfield><subfield code="b">Blackwell Scientific Publ.</subfield><subfield code="c">1964-</subfield></datafield><datafield ind1="2" ind2="1" tag="264"><subfield code="3">1997-2007</subfield><subfield code="a">Oxford</subfield><subfield code="b">Blackwell</subfield></datafield><datafield ind1="3" ind2="1" tag="264"><subfield code="3">2008-</subfield><subfield code="a">Oxford</subfield><subfield code="b">Wiley-Blackwell</subfield></datafield><datafield ind1=" " ind2=" " tag="310"><subfield code="a">Monatlich</subfield></datafield><datafield ind1=" " ind2=" " tag="336"><subfield code="b">txt</subfield><subfield code="2">rdacontent</subfield></datafield><datafield ind1=" " ind2=" " tag="337"><subfield code="b">n</subfield><subfield code="2">rdamedia</subfield></datafield><datafield ind1=" " ind2=" " tag="338"><subfield code="b">nc</subfield><subfield code="2">rdacarrier</subfield></datafield><datafield ind1="0" ind2=" " tag="362"><subfield code="a">Vol. 1, No. 1, May (1964)-</subfield></datafield><datafield ind1=" " ind2=" " tag="500"><subfield code="a">Ab 2019 als Print-on-Demand</subfield></datafield><datafield ind1=" " ind2=" " tag="530"><subfield code="a">Existe aussi en version électronique</subfield></datafield><datafield ind1=" " ind2="7" tag="650"><subfield code="a">ANGEWANDTE ÖKOLOGIE (ÖKOLOGIE)</subfield><subfield code="9">ger</subfield><subfield code="0">(ETHUDK)000045202</subfield><subfield code="2">ethudk</subfield></datafield><datafield ind1=" " ind2="7" tag="650"><subfield code="a">Écologie appliquée</subfield><subfield code="0">(IDREF)056564996</subfield><subfield code="2">idref</subfield></datafield><datafield ind1=" " ind2="7" tag="655"><subfield code="a">Périodiques</subfield><subfield code="0">(IDREF)02724640X</subfield><subfield code="2">idref</subfield></datafield><datafield ind1=" " ind2="7" tag="655"><subfield code="a">Zeitschrift</subfield><subfield code="2">gnd-content</subfield></datafield><datafield ind1=" " ind2="7" tag="655"><subfield code="a">Periodici</subfield><subfield code="2">sbt12-content</subfield></datafield><datafield ind1="2" ind2=" " tag="710"><subfield code="6">880-02</subfield><subfield code="a">British Ecological Society</subfield><subfield code="0">(DE-588)4456-8</subfield><subfield code="4">isb</subfield></datafield><datafield ind1="2" ind2=" " tag="880"><subfield code="6">710-02</subfield><subfield code="a">British Ecological Society</subfield><subfield code="0">(IDREF)03158490X</subfield><subfield code="4">isb</subfield></datafield><datafield ind1="0" ind2="8" tag="776"><subfield code="i">Erscheint auch als Online-Ausgabe</subfield><subfield code="t">Journal of applied ecology</subfield><subfield code="x">1365-2664</subfield></datafield><datafield ind1=" " ind2=" " tag="900"><subfield code="a">NEBISnoselfmerge</subfield></datafield><datafield ind1=" " ind2=" " tag="900"><subfield code="a">REROnoselfmerge</subfield></datafield></record>
</metadata></record>