<record><header><identifier>oai:alma.41SLSP_UGE:991000767179705502</identifier><datestamp>2024-05-04T00:43:45Z</datestamp><setSpec>uge_bcen_RapidILL_BOOK</setSpec><setSpec>uge_aaca_RapidILL_BOOK</setSpec><setSpec>uge_abels_RapidILL_BOOK</setSpec><setSpec>uge_dbu_RapidILL_BOOK</setSpec><setSpec>uge_cmu_RapidILL_BOOK</setSpec><setSpec>uge_mail_RapidILL_BOOK</setSpec><setSpec>uge_abbat_RapidILL_BOOK</setSpec><setSpec>UNIGE_ALL</setSpec><setSpec>uge_acar_RapidILL_BOOK</setSpec><setSpec>uge_aobs_RapidILL_BOOK</setSpec></header><metadata>
<record xmlns="http://www.loc.gov/MARC21/slim" xmlns:xsi="http://www.w3.org/2001/XMLSchema-instance" xsi:schemaLocation="http://www.loc.gov/MARC21/slim http://www.loc.gov/standards/marcxml/schema/MARC21slim.xsd"><leader>01007naa a2200241 c 4500</leader><controlfield tag="001">991000767179705502</controlfield><controlfield tag="005">20210206203335.0</controlfield><controlfield tag="008">970515s1995    ne ||||| |||| 00| ||eng d</controlfield><datafield ind1=" " ind2=" " tag="035"><subfield code="a">(swissbib)092200443-41slsp_network</subfield></datafield><datafield ind1=" " ind2=" " tag="035"><subfield code="a">092200443</subfield><subfield code="9">ExL</subfield></datafield><datafield ind1=" " ind2=" " tag="035"><subfield code="a">(RERO)R214764660-41slsp</subfield></datafield><datafield ind1=" " ind2=" " tag="035"><subfield code="a">(EXLNZ-41SLSP_NETWORK)991141352159705501</subfield></datafield><datafield ind1=" " ind2=" " tag="040"><subfield code="a">RERO geusob</subfield><subfield code="d">CH-ZuSLS</subfield></datafield><datafield ind1=" " ind2="7" tag="072"><subfield code="a">as</subfield><subfield code="2">rero</subfield></datafield><datafield ind1="1" ind2=" " tag="100"><subfield code="a">Schaerer, Daniel</subfield><subfield code="d">19..-....</subfield><subfield code="0">(IDREF)057049912</subfield><subfield code="4">cre</subfield></datafield><datafield ind1="1" ind2="0" tag="245"><subfield code="a">Complete stellar models</subfield><subfield code="b">interior and spectral evolution of massive stars</subfield><subfield code="c">D. Schaerer, A. de Koter and W. Schmutz</subfield></datafield><datafield ind1=" " ind2=" " tag="336"><subfield code="b">txt</subfield><subfield code="2">rdacontent</subfield></datafield><datafield ind1=" " ind2=" " tag="337"><subfield code="b">n</subfield><subfield code="2">rdamedia</subfield></datafield><datafield ind1=" " ind2=" " tag="338"><subfield code="b">nc</subfield><subfield code="2">rdacarrier</subfield></datafield><datafield ind1=" " ind2=" " tag="580"><subfield code="a">In: Stellar populations. - Dordrecht : Kluwer, 1995. - P. 363</subfield></datafield><datafield ind1="1" ind2=" " tag="700"><subfield code="a">Koter, Alex de</subfield><subfield code="0">(IDREF)129260711</subfield></datafield><datafield ind1="1" ind2=" " tag="700"><subfield code="a">Schmutz, Werner</subfield><subfield code="0">(RERO)A003802413</subfield></datafield><datafield ind1="0" ind2=" " tag="773"><subfield code="t">Stellar populations : proceedings of the 164th Symposium of the International Astronomical Union, held in The Hague, the Netherlands, August 25-19, 1994</subfield><subfield code="g">363</subfield><subfield code="w">(RERO)2079199-41slsp</subfield></datafield><datafield ind1=" " ind2=" " tag="900"><subfield code="a">REROnoselfmerge</subfield></datafield></record>
</metadata></record>