<record><header><identifier>oai:alma.41SLSP_UGE:991000767289705502</identifier><datestamp>2024-06-09T00:07:28Z</datestamp><setSpec>uge_bcen_RapidILL_BOOK</setSpec><setSpec>uge_aaca_RapidILL_BOOK</setSpec><setSpec>uge_abels_RapidILL_BOOK</setSpec><setSpec>uge_dbu_RapidILL_BOOK</setSpec><setSpec>uge_cmu_RapidILL_BOOK</setSpec><setSpec>uge_mail_RapidILL_BOOK</setSpec><setSpec>UNIGE_ALL</setSpec><setSpec>uge_abbat_RapidILL_BOOK</setSpec><setSpec>uge_aobs_RapidILL_BOOK</setSpec><setSpec>uge_acar_RapidILL_BOOK</setSpec></header><metadata>
<record xmlns="http://www.loc.gov/MARC21/slim" xmlns:xsi="http://www.w3.org/2001/XMLSchema-instance" xsi:schemaLocation="http://www.loc.gov/MARC21/slim http://www.loc.gov/standards/marcxml/schema/MARC21slim.xsd"><leader>07190nam a2200577 ca4500</leader><controlfield tag="001">991000767289705502</controlfield><controlfield tag="005">20230630122546.0</controlfield><controlfield tag="008">201011s2000    gw            00| | ger  </controlfield><datafield ind1=" " ind2=" " tag="020"><subfield code="a">3789064742</subfield><subfield code="q">Teilbd. 1</subfield></datafield><datafield ind1=" " ind2=" " tag="020"><subfield code="a">3789070114</subfield><subfield code="q">Teilbd. 2</subfield></datafield><datafield ind1=" " ind2=" " tag="035"><subfield code="a">(swissbib)227325788-41slsp_network</subfield></datafield><datafield ind1=" " ind2=" " tag="035"><subfield code="a">227325788</subfield><subfield code="9">ExL</subfield></datafield><datafield ind1=" " ind2=" " tag="035"><subfield code="a">(IDSSG)000240032HSB01</subfield></datafield><datafield ind1=" " ind2=" " tag="035"><subfield code="a">(IDSBB)002079340DSV01</subfield></datafield><datafield ind1=" " ind2=" " tag="035"><subfield code="a">(RERO)R271247660-41slsp</subfield></datafield><datafield ind1=" " ind2=" " tag="035"><subfield code="a">(EXLNZ-41SLSP_NETWORK)991119071559705501</subfield></datafield><datafield ind1=" " ind2=" " tag="040"><subfield code="a">SzZuIDS BS/BE A125</subfield><subfield code="b">ger</subfield><subfield code="e">kids</subfield><subfield code="d">CH-ZuSLS</subfield></datafield><datafield ind1="1" ind2=" " tag="041"><subfield code="a">ger</subfield><subfield code="a">spa</subfield><subfield code="a">por</subfield><subfield code="h">spa</subfield><subfield code="h">por</subfield></datafield><datafield ind1=" " ind2="7" tag="072"><subfield code="a">rw</subfield><subfield code="2">SzZuIDS BS/BE</subfield></datafield><datafield ind1=" " ind2="7" tag="072"><subfield code="a">vw</subfield><subfield code="2">SzZuIDS BS/BE</subfield></datafield><datafield ind1=" " ind2="7" tag="072"><subfield code="a">dr</subfield><subfield code="2">rero</subfield></datafield><datafield ind1="1" ind2="4" tag="082"><subfield code="a">340</subfield><subfield code="2">15</subfield></datafield><datafield ind1="1" ind2="4" tag="082"><subfield code="a">330</subfield><subfield code="2">15</subfield></datafield><datafield ind1=" " ind2=" " tag="084"><subfield code="a">PR 2456</subfield><subfield code="2">rvk</subfield></datafield><datafield ind1=" " ind2=" " tag="084"><subfield code="a">PU 5800</subfield><subfield code="2">rvk</subfield></datafield><datafield ind1=" " ind2=" " tag="084"><subfield code="a">BC 45.3 b</subfield><subfield code="2">cjurrom</subfield></datafield><datafield ind1=" " ind2=" " tag="084"><subfield code="a">CA/CE 44 b</subfield><subfield code="2">cjurrom</subfield></datafield><datafield ind1="0" ind2="0" tag="245"><subfield code="a">Rechtsquellen des MERCOSUR</subfield><subfield code="b">spanischer Text und deutsche Übersetzung der wichtigsten Verträge und Rechtsakte</subfield><subfield code="c">Max-Planck-Institut für ausländisches und internationales Privatrecht</subfield></datafield><datafield ind1=" " ind2="1" tag="264"><subfield code="a">Baden-Baden</subfield><subfield code="b">Nomos</subfield><subfield code="c">2000</subfield></datafield><datafield ind1=" " ind2=" " tag="300"><subfield code="a">2 Bde.</subfield></datafield><datafield ind1=" " ind2=" " tag="336"><subfield code="b">txt</subfield><subfield code="2">rdacontent</subfield></datafield><datafield ind1=" " ind2=" " tag="337"><subfield code="b">n</subfield><subfield code="2">rdamedia</subfield></datafield><datafield ind1=" " ind2=" " tag="338"><subfield code="b">nc</subfield><subfield code="2">rdacarrier</subfield></datafield><datafield ind1="1" ind2=" " tag="490"><subfield code="a">Wirtschaftsrecht des MERCOSUR</subfield><subfield code="v">Bd. 2</subfield></datafield><datafield ind1="0" ind2="0" tag="505"><subfield code="g">Teilbd. 1</subfield><subfield code="t">Wirtschaftsverfassung und Rechtssystem</subfield></datafield><datafield ind1="0" ind2="0" tag="505"><subfield code="g">Teilbd. 2</subfield><subfield code="t">Handel und Verkehr</subfield></datafield><datafield ind1="2" ind2="7" tag="610"><subfield code="a">Mercosur</subfield><subfield code="0">(DE-588)5100682-0</subfield><subfield code="2">gnd</subfield></datafield><datafield ind1="2" ind2="7" tag="610"><subfield code="a">Mercado común del Sur</subfield><subfield code="0">(IDREF)033233578</subfield><subfield code="2">idref</subfield></datafield><datafield ind1=" " ind2="7" tag="650"><subfield code="a">Recht</subfield><subfield code="0">(DE-588)4048737-4</subfield><subfield code="2">gnd</subfield></datafield><datafield ind1=" " ind2="7" tag="650"><subfield code="a">Mercosur</subfield><subfield code="x">Recht</subfield><subfield code="v">Quelle</subfield><subfield code="2">idsbb</subfield></datafield><datafield ind1=" " ind2="7" tag="655"><subfield code="a">Quelle</subfield><subfield code="2">gnd-content</subfield></datafield><datafield ind1=" " ind2="7" tag="655"><subfield code="a">[texte législatif]</subfield><subfield code="2">rerovoc</subfield><subfield code="0">(RERO)A009950157</subfield></datafield><datafield ind1=" " ind2=" " tag="690"><subfield code="a">Kartellrecht; Markenrecht; Garantie; Versicherungspflicht; Freizügigkeit; Abkommen; Gesetz; Umweltrecht; Sanktion; Quelle; Reise; Protokoll; Transport; En; Binnenschifffahrt; Rechtsschutz; Regelung; Staat; Republik; Verbraucherschutz</subfield><subfield code="2">idssg-J</subfield></datafield><datafield ind1=" " ind2=" " tag="690"><subfield code="a">Rechtsquelle; Nicht-Mitgliedsland; Bildungsintegration; Max-Planck-Institut; Rahmenabkommen; Sicherungsmaßnahme; Zusatzabkommen; Teilnehmerland; Außenzolltarif; Binnenschifffahrtsabkommen; Fahrzeugkennzeichnung; Fahrzeuguntersuchung; Geschmacksmusterrecht; Gründungsvertrag; Handelsliberalisierung; Investitionsschutz; Konfliktlösung; Kooperationsabkommen; Mindestregelung; Multimodaltransport; Rechtshilfe; Schuldnerklassifizierung; Sozialversicherungsabkommen; Strukturreform; Zollregelung; Arbeitsdokument; Ausweisdokument; Basel-Vorschrift; Mercosur-Vorschrift; Postgraduierten-Studie; Rechtsetzung; Rechtsverfolgung; Reisedokument; Straßenverkehrsordnung; Urteilsanerkennung; Verfahrensordnung; Zollabwicklung; Zollanpassung; Zusatzprotokoll; Arbeitssache; Dienstleistungsverkehr; Fluglinienverkehr; Grundbegriff; Handelssache; Handelsschiedsgerichtsbarkeit; Nicht-Vertragsstaat; Reisedienstleistung; Teilnehmerstaat; Ursprungserfordernis; Verbraucherprozess; Versicherungsunternehmen; Zivilhaftpflichtversicherung; Zivilsache; And; Anwendungsbereich; Ausfuhrsubvention; Beförderungsunternehmer; Binnenzoll; Exportfertigungszone; Fachschulabschluss; Frachtgut; Freihandelsplan; Handelshemmnis; Handelskommission; Konsultationsmechanismus; Mitgliedstaat; Mittelstufe; Multimodalbeförderer; Postgraduierten-Niveau; Rechtsakt; Reisepass; Sanktionenkatalog; Schulzeit; Teilband; Transportbereich; Ursprungsbezeichnung; Verbrauchersache; Verlagsgesellschaft; Vertragssache; Verwaltungssache; Zollbestimmung</subfield><subfield code="2">idssg-J</subfield></datafield><datafield ind1=" " ind2=" " tag="690"><subfield code="a">ausländisches Privatrecht; regionale Beziehung; akademischer Abschluss; akademische Tätigkeit; allgemein Versicherungsbedingungenfür; allgemeine Betriebserlaubnis; allgemeines Prinzip; allgemeinbildende Mittelstufe; amtliches Kennzeichen; argentin Republic; ausgenommener Sektor; besonderes Zollgebiet; deutsche Übersetzung; einheitliche Straßenverkehrsordnung; einstweiliger Rechtsschutz; europäische Gemeinschaft; fachspezifische Mittelstufe; freier Kapitalverkehr; föderative Republik; gedumpte Einfuhr; gefährliches Gut; gegenseitige Förderung; geistiges Eigentum; gemeinsamer Außenzoll; gemeinsamer Außenzolltarif; gemeinsamer Markt; gemeinsames Merkmal; gemeinsames Reglement; gerichtliche Zusammenarbeit; gesetzgeberische Eingliederung; gewerblicher Rechtsschutz; globale Bankenaufsicht; grundlegende Richtlinie; harmonisiertes System; institutionelle Grundlage; institutionelle Struktur; internationale Beziehung; internationale Handelsschiedsgerichtsbarkeit; internationaler Multimodaltransport; internationales Privatrecht; internationale Zuständigkeit; interregionales Rahmenabkommen; kleiner Grenzverkehr; konsolidierte Basis; multilaterales Sozialversicherungsabkommen; nicht-tarifäres Handelshemmnis; nicht-tarifäres Hemmnis; normativer Rahmen; private Nutzung; resident En; sektorbezogene Bestimmung; spanischer Text; spezifisches Ursprungserfordernis; staatliche Politik; subregional Entre; subregionaler Fluglinienverkehr; technische Fahrzeuguntersuchung; technische Regelung; universitärer Titel; vertragliche Garantie; wichtiger Rechtsakt; wichtiger Vertrag; wirtschaftliche Ergänzung; zivilrechtliche Haftung; zugelassenes Fahrzeug</subfield><subfield code="2">idssg-J</subfield></datafield><datafield ind1=" " ind2=" " tag="690"><subfield code="a">Uruguay C3URUG; Paraguay C3PARA; Chile C3CHIL; Bolivien C3BOLI; Brasilien C3BRAZ; Argentinien C3ARGE; Vereinigte Staaten C1USA; Deutschland C4EUGE; Kolumbien C3COLO; Italien C4EUIT; Schweiz C4EXSI; Spanien C4EUSP</subfield><subfield code="2">idssg-J</subfield></datafield><datafield ind1=" " ind2=" " tag="690"><subfield code="a">Acceso para Empresas; Accidentes; Actividades Academicas en; Acuerdo Complementario Protocolo; Acuerdo Complementario Protocolo de Medidas Cautelares; Acuerdo sobre Arbitraje Comercial; Acuerdo sobre Arbitraje Comercial Internacional entre el MERCOSUR; Acuerdo sobre Arbitraje Internacional; Acuerdo sobre Servicios Aereos; Adecuaciön; Admisiön; Agreement among the governments; Alcance Parcial; America; Anexo Protocolo de Ouro Preto; Anexos con Disposiciones Especificas; Arancel Externo Comün; Armonizaciön para Aplicaciön Utilizaciön; Asociaciön Latinoamericana de lntegraciön; Asunciön sobre Estructura Institucional; Asunciön sobre restituciön; B. Dokumente; Basilea; Bolivia Repüblica; Brasilia para Soluciön; Buenos Aires Aires sobre Jurisdicciön Internacional; C. Register; Capitales; Caracteristicas Comunes; Certificados; Chile; Circulaciön; Colonia para Promociön Protecciön; Comercio; Competencia; Complementaciön Econömica; Compromisos Especificos Iniciales; Comunidad Andina; Comün del Sur; Condiciones Generales del Seguro; Consultas en Comisiön; Consumo; Controversias; Cooperaciön Asistencia Jurisdiccional en; Cooperaciön entre Comunidad Europea; Cäceres; Decisiones Resoluciones en el; Decisiones Resoluciones en el Orden Interno; Defensa del Consumidor</subfield><subfield code="2">idssg-J</subfield></datafield><datafield ind1="2" ind2=" " tag="710"><subfield code="a">Max-Planck-Institut für Ausländisches und Internationales Privatrecht (Hamburg)</subfield><subfield code="0">(RERO)A000112206</subfield></datafield><datafield ind1="2" ind2=" " tag="710"><subfield code="a">Max-Planck-Institut für Ausländisches und Internationales Privatrecht</subfield><subfield code="0">(DE-588)1006285-3</subfield></datafield><datafield ind1="4" ind2=" " tag="856"><subfield code="u">https://tools.unisg.ch/url/hm00046004</subfield><subfield code="z">Inhaltsverzeichnis</subfield></datafield><datafield ind1=" " ind2="0" tag="830"><subfield code="a">Wirtschaftsrecht des MERCOSUR</subfield><subfield code="v">2</subfield><subfield code="w">(IDSBB)001934614DSV01</subfield></datafield><datafield ind1=" " ind2=" " tag="949"><subfield code="a">https://tools.unisg.ch/url/hm00046004</subfield></datafield></record>
</metadata></record>