<record><header><identifier>oai:alma.41SLSP_UGE:991000767379705502</identifier><datestamp>2023-06-06T00:11:01Z</datestamp><setSpec>UNIGE_ALL</setSpec></header><metadata>
<record xmlns="http://www.loc.gov/MARC21/slim" xmlns:xsi="http://www.w3.org/2001/XMLSchema-instance" xsi:schemaLocation="http://www.loc.gov/MARC21/slim http://www.loc.gov/standards/marcxml/schema/MARC21slim.xsd"><leader>02035ngm a2200325 c 4500</leader><controlfield tag="001">991000767379705502</controlfield><controlfield tag="005">20230605205518.0</controlfield><controlfield tag="007">vd |v||||</controlfield><controlfield tag="008">150414s2015    fr ||| |          v|fre d</controlfield><datafield ind1="4" ind2="2" tag="028"><subfield code="a">3453270084848</subfield></datafield><datafield ind1=" " ind2=" " tag="035"><subfield code="a">(swissbib)121450678-41slsp_network</subfield></datafield><datafield ind1=" " ind2=" " tag="035"><subfield code="a">121450678</subfield><subfield code="9">ExL</subfield></datafield><datafield ind1=" " ind2=" " tag="035"><subfield code="a">(RERO)R008120245-41slsp</subfield></datafield><datafield ind1=" " ind2=" " tag="035"><subfield code="a">(EXLNZ-41SLSP_NETWORK)991147700569705501</subfield></datafield><datafield ind1=" " ind2=" " tag="040"><subfield code="a">RERO geumem</subfield><subfield code="d">CH-ZuSLS</subfield></datafield><datafield ind1="1" ind2=" " tag="041"><subfield code="a">fre</subfield><subfield code="a">eng</subfield><subfield code="h">fre</subfield></datafield><datafield ind1=" " ind2="7" tag="072"><subfield code="a">ba</subfield><subfield code="2">rero</subfield></datafield><datafield ind1="0" ind2="0" tag="245"><subfield code="a">Pierre Bonnard</subfield><subfield code="b">les couleurs de l'intime</subfield><subfield code="c">un film de Bruno Ulmer</subfield></datafield><datafield ind1=" " ind2="1" tag="264"><subfield code="a">[Lieu de publication non identifié]</subfield><subfield code="b">Arte Editions [prod.]</subfield><subfield code="c">2015</subfield></datafield><datafield ind1=" " ind2=" " tag="300"><subfield code="a">1 DVD-vidéo</subfield></datafield><datafield ind1=" " ind2=" " tag="336"><subfield code="b">tdi</subfield><subfield code="2">rdacontent</subfield></datafield><datafield ind1=" " ind2=" " tag="337"><subfield code="b">v</subfield><subfield code="2">rdamedia</subfield></datafield><datafield ind1=" " ind2=" " tag="338"><subfield code="b">vd</subfield><subfield code="2">rdacarrier</subfield></datafield><datafield ind1=" " ind2=" " tag="500"><subfield code="a">Durée du film : 52 min.</subfield></datafield><datafield ind1=" " ind2=" " tag="500"><subfield code="a">Une prod. Arte France / Nord-Ouest Films / Nord-Ouest documentaires / Musée d'Orsay, cop. 2015</subfield></datafield><datafield ind1=" " ind2=" " tag="500"><subfield code="a">Choix de langues : anglais, français. Sous-titres français pour sourds et malentendants</subfield></datafield><datafield ind1="0" ind2=" " tag="511"><subfield code="a">Complément : La mimosa mimétique / de Alain Jaubert. - 30 min.</subfield></datafield><datafield ind1="8" ind2=" " tag="520"><subfield code="a">&quot;Attentif à tous les mouvements contemporains, de l'impressionnisme au fauvisme en passant par le cubisme et le surréalisme, Pierre Bonnard a suivi un chemin singulier. Il affronta en solitaire les défis d'une peinture en mutation et mena durant toute sa vie une réflexion obstinée sur le métier de peintre. Bonnard fut loin de faire l'unanimité. Comment cet homme secret, inquiet, au quotidien si confortablement réglé, est devenu cet incontestable peintre de l'émotion, ce maître de la couleur et de la lumière poussées jusqu'à l'incandescence ? À travers ses tableaux mais aussi ses carnets intimes, sa correspondance avec Matisse et Vuillard, ses clichés photographiques, ses lieux de vie peints et sublimés, le film nous plonge dans l'univers de ce maître de la couleur.&quot;</subfield><subfield code="5">RERO/geumem/06.2015</subfield></datafield><datafield ind1="1" ind2="7" tag="600"><subfield code="a">Bonnard, Pierre</subfield><subfield code="d">1867-1947</subfield><subfield code="0">(IDREF)02731216X</subfield><subfield code="2">idref</subfield></datafield><datafield ind1=" " ind2="7" tag="655"><subfield code="a">DVD</subfield><subfield code="0">(IDREF)035108444</subfield><subfield code="2">idref</subfield></datafield><datafield ind1="1" ind2=" " tag="700"><subfield code="a">Ulmer, Bruno</subfield><subfield code="c">réalisateur</subfield><subfield code="0">(RERO)A012311314</subfield></datafield></record>
</metadata></record>