<record><header><identifier>oai:alma.41SLSP_UGE:991000766649705502</identifier><datestamp>2023-03-01T01:09:48Z</datestamp><setSpec>uge_bcen_RapidILL_BOOK</setSpec><setSpec>uge_aaca_RapidILL_BOOK</setSpec><setSpec>uge_abels_RapidILL_BOOK</setSpec><setSpec>uge_dbu_RapidILL_BOOK</setSpec><setSpec>uge_cmu_RapidILL_BOOK</setSpec><setSpec>uge_mail_RapidILL_BOOK</setSpec><setSpec>UNIGE_ALL</setSpec><setSpec>uge_abbat_RapidILL_BOOK</setSpec><setSpec>uge_aobs_RapidILL_BOOK</setSpec><setSpec>uge_acar_RapidILL_BOOK</setSpec></header><metadata>
<record xmlns="http://www.loc.gov/MARC21/slim" xmlns:xsi="http://www.w3.org/2001/XMLSchema-instance" xsi:schemaLocation="http://www.loc.gov/MARC21/slim http://www.loc.gov/standards/marcxml/schema/MARC21slim.xsd"><leader>00936nam a2200301 c 4500</leader><controlfield tag="001">991000766649705502</controlfield><controlfield tag="005">20201225190845.0</controlfield><controlfield tag="008">851126s1978    xxu||||| |||| 00| ||eng d</controlfield><datafield ind1=" " ind2=" " tag="020"><subfield code="a">0803907028</subfield><subfield code="q">cloth</subfield></datafield><datafield ind1=" " ind2=" " tag="020"><subfield code="a">0803907036</subfield><subfield code="q">paper</subfield></datafield><datafield ind1=" " ind2=" " tag="035"><subfield code="a">(swissbib)080426573-41slsp_network</subfield></datafield><datafield ind1=" " ind2=" " tag="035"><subfield code="a">080426573</subfield><subfield code="9">ExL</subfield></datafield><datafield ind1=" " ind2=" " tag="035"><subfield code="a">(RERO)0660804-41slsp</subfield></datafield><datafield ind1=" " ind2=" " tag="035"><subfield code="a">(EXLNZ-41SLSP_NETWORK)991125445849705501</subfield></datafield><datafield ind1=" " ind2=" " tag="040"><subfield code="a">RERO geubfd</subfield><subfield code="d">CH-ZuSLS</subfield></datafield><datafield ind1=" " ind2="7" tag="072"><subfield code="a">dr</subfield><subfield code="2">rero</subfield></datafield><datafield ind1=" " ind2=" " tag="084"><subfield code="a">CB/USA 90 g</subfield><subfield code="2">cjurrom</subfield></datafield><datafield ind1="0" ind2="0" tag="245"><subfield code="a">&lt;&lt;The&gt;&gt; future of policing</subfield><subfield code="c">Alvin W. Cohn, ed</subfield></datafield><datafield ind1=" " ind2="1" tag="264"><subfield code="a">Beverly Hills</subfield><subfield code="a">London</subfield><subfield code="b">Sage Publ.</subfield><subfield code="c">[1978]</subfield></datafield><datafield ind1=" " ind2="4" tag="264"><subfield code="c">© 1978</subfield></datafield><datafield ind1=" " ind2=" " tag="300"><subfield code="a">303 p.</subfield><subfield code="c">24 cm</subfield></datafield><datafield ind1=" " ind2=" " tag="336"><subfield code="b">txt</subfield><subfield code="2">rdacontent</subfield></datafield><datafield ind1=" " ind2=" " tag="337"><subfield code="b">n</subfield><subfield code="2">rdamedia</subfield></datafield><datafield ind1=" " ind2=" " tag="338"><subfield code="b">nc</subfield><subfield code="2">rdacarrier</subfield></datafield><datafield ind1="1" ind2=" " tag="490"><subfield code="a">Sage criminal justice system annuals</subfield><subfield code="v">vol. 9</subfield></datafield><datafield ind1=" " ind2=" " tag="504"><subfield code="a">Bibliogr</subfield></datafield><datafield ind1="1" ind2=" " tag="700"><subfield code="a">Cohn, Alvin W</subfield><subfield code="0">(RERO)A003114723</subfield></datafield><datafield ind1=" " ind2=" " tag="830"><subfield code="a">Sage criminal justice system annuals</subfield><subfield code="v">9</subfield><subfield code="w">(RERO)0087687-41slsp</subfield></datafield><datafield ind1=" " ind2=" " tag="900"><subfield code="a">REROnoselfmerge</subfield></datafield></record>
</metadata></record>