<record><header><identifier>oai:alma.41SLSP_UGE:991000767269705502</identifier><datestamp>2023-12-15T01:24:19Z</datestamp><setSpec>uge_bcen_RapidILL_BOOK</setSpec><setSpec>uge_aaca_RapidILL_BOOK</setSpec><setSpec>uge_abels_RapidILL_BOOK</setSpec><setSpec>uge_dbu_RapidILL_BOOK</setSpec><setSpec>uge_cmu_RapidILL_BOOK</setSpec><setSpec>uge_mail_RapidILL_BOOK</setSpec><setSpec>uge_abbat_RapidILL_BOOK</setSpec><setSpec>UNIGE_ALL</setSpec><setSpec>uge_acar_RapidILL_BOOK</setSpec><setSpec>uge_aobs_RapidILL_BOOK</setSpec></header><metadata>
<record xmlns="http://www.loc.gov/MARC21/slim" xmlns:xsi="http://www.w3.org/2001/XMLSchema-instance" xsi:schemaLocation="http://www.loc.gov/MARC21/slim http://www.loc.gov/standards/marcxml/schema/MARC21slim.xsd"><leader>01494nam a2200361 c 4500</leader><controlfield tag="001">991000767269705502</controlfield><controlfield tag="005">20230224185942.0</controlfield><controlfield tag="008">961207s1958    fr ||||| |||| 00| ||fre d</controlfield><datafield ind1=" " ind2=" " tag="035"><subfield code="a">(swissbib)07871351X-41slsp_network</subfield></datafield><datafield ind1=" " ind2=" " tag="035"><subfield code="a">07871351X</subfield><subfield code="9">ExL</subfield></datafield><datafield ind1=" " ind2=" " tag="035"><subfield code="a">(RERO)0390093-41slsp</subfield></datafield><datafield ind1=" " ind2=" " tag="035"><subfield code="a">(EXLNZ-41SLSP_NETWORK)991149979979705501</subfield></datafield><datafield ind1=" " ind2=" " tag="040"><subfield code="a">RERO</subfield><subfield code="d">CH-ZuSLS</subfield></datafield><datafield ind1="1" ind2=" " tag="041"><subfield code="a">fre</subfield><subfield code="h">grc</subfield></datafield><datafield ind1=" " ind2="7" tag="072"><subfield code="a">th</subfield><subfield code="2">rero</subfield></datafield><datafield ind1="0" ind2=" " tag="100"><subfield code="a">Jean Chrysostome</subfield><subfield code="c">saint</subfield><subfield code="d">0347?-0407</subfield><subfield code="0">(IDREF)026938987</subfield><subfield code="4">cre</subfield></datafield><datafield ind1="1" ind2="0" tag="245"><subfield code="a">Huit catéchèses baptismales inédites</subfield><subfield code="c">Jean Chrysostome ; introd., texte critique, trad. et notes de Antoine Wenger</subfield></datafield><datafield ind1=" " ind2="1" tag="264"><subfield code="a">Paris</subfield><subfield code="b">Ed. du Cerf</subfield><subfield code="c">1957 (cop. et dépôt légal 1958)</subfield></datafield><datafield ind1=" " ind2=" " tag="300"><subfield code="a">282 p. dont p. 108-260 avec pagination double</subfield><subfield code="b">ill.</subfield><subfield code="c">20 cm</subfield></datafield><datafield ind1=" " ind2=" " tag="336"><subfield code="b">txt</subfield><subfield code="2">rdacontent</subfield></datafield><datafield ind1=" " ind2=" " tag="337"><subfield code="b">n</subfield><subfield code="2">rdamedia</subfield></datafield><datafield ind1=" " ind2=" " tag="338"><subfield code="b">nc</subfield><subfield code="2">rdacarrier</subfield></datafield><datafield ind1="1" ind2=" " tag="490"><subfield code="a">Sources chrétiennes</subfield><subfield code="v">no 50</subfield></datafield><datafield ind1=" " ind2=" " tag="500"><subfield code="a">Titre conventionnel: Catecheses ad illuminandos.</subfield></datafield><datafield ind1=" " ind2=" " tag="500"><subfield code="a">Texte grec et trad. française en regard</subfield></datafield><datafield ind1="0" ind2="7" tag="600"><subfield code="a">Jean Chrysostome</subfield><subfield code="c">saint</subfield><subfield code="d">0347?-0407</subfield><subfield code="t">Catéchèses baptismales</subfield><subfield code="0">(IDREF)182289702</subfield><subfield code="2">idref</subfield></datafield><datafield ind1="0" ind2="7" tag="600"><subfield code="a">Jean Chrysostome</subfield><subfield code="c">saint</subfield><subfield code="d">0347?-0407</subfield><subfield code="0">(IDREF)026938987</subfield><subfield code="2">idref</subfield></datafield><datafield ind1=" " ind2="7" tag="650"><subfield code="a">Baptême</subfield><subfield code="0">(IDREF)027660591</subfield><subfield code="2">idref</subfield></datafield><datafield ind1=" " ind2="7" tag="650"><subfield code="a">Catéchèse</subfield><subfield code="0">(IDREF)027285464</subfield><subfield code="2">idref</subfield></datafield><datafield ind1=" " ind2="7" tag="650"><subfield code="a">Liturgie</subfield><subfield code="0">(IDREF)027268349</subfield><subfield code="2">idref</subfield></datafield><datafield ind1=" " ind2="7" tag="655"><subfield code="a">Commentaire de texte</subfield><subfield code="0">(IDREF)27790681</subfield><subfield code="2">idref</subfield></datafield><datafield ind1="1" ind2=" " tag="700"><subfield code="a">Wenger, Antoine</subfield><subfield code="d">1919-2009</subfield><subfield code="0">(IDREF)028306163</subfield></datafield><datafield ind1=" " ind2="0" tag="830"><subfield code="a">Sources chrétiennes</subfield><subfield code="v">50</subfield><subfield code="w">(RERO)0004377-41slsp</subfield></datafield><datafield ind1=" " ind2=" " tag="900"><subfield code="a">REROnoselfmerge</subfield></datafield></record>
</metadata></record>