<record><header><identifier>oai:alma.41SLSP_UGE:991000766749705502</identifier><datestamp>2023-11-29T01:36:20Z</datestamp><setSpec>UNIGE_ALL</setSpec></header><metadata>
<record xmlns="http://www.loc.gov/MARC21/slim" xmlns:xsi="http://www.w3.org/2001/XMLSchema-instance" xsi:schemaLocation="http://www.loc.gov/MARC21/slim http://www.loc.gov/standards/marcxml/schema/MARC21slim.xsd"><leader>02845njm a2200565 c 4500</leader><controlfield tag="001">991000766749705502</controlfield><controlfield tag="005">20211103192415.0</controlfield><controlfield tag="007">sd b||e|||||||</controlfield><controlfield tag="008">201012t19761976gw ||nn| ||||||   n ger d</controlfield><datafield ind1="0" ind2="2" tag="028"><subfield code="a">1C 193-30 688/89 Q</subfield><subfield code="b">EMI Electrola</subfield></datafield><datafield ind1="0" ind2="2" tag="028"><subfield code="a">EMI 1 C 193-30 688/89 Q</subfield></datafield><datafield ind1=" " ind2=" " tag="035"><subfield code="a">(swissbib)234743034-41slsp_network</subfield></datafield><datafield ind1=" " ind2=" " tag="035"><subfield code="a">234743034</subfield><subfield code="9">ExL</subfield></datafield><datafield ind1=" " ind2=" " tag="035"><subfield code="a">(IDSLU)001251455ILU01</subfield></datafield><datafield ind1=" " ind2=" " tag="035"><subfield code="a">(RERO)R006022289-41slsp</subfield></datafield><datafield ind1=" " ind2=" " tag="035"><subfield code="a">(EXLNZ-41SLSP_NETWORK)991105097179705501</subfield></datafield><datafield ind1=" " ind2=" " tag="040"><subfield code="a">SzZuIDS LU</subfield><subfield code="b">ger</subfield><subfield code="e">rda</subfield><subfield code="d">CH-ZuSLS</subfield></datafield><datafield ind1="0" ind2=" " tag="041"><subfield code="a">fre</subfield><subfield code="a">eng</subfield><subfield code="a">ger</subfield></datafield><datafield ind1=" " ind2="7" tag="072"><subfield code="a">480</subfield><subfield code="2">IDS LU</subfield></datafield><datafield ind1=" " ind2="7" tag="072"><subfield code="a">mu</subfield><subfield code="2">rero</subfield></datafield><datafield ind1="1" ind2=" " tag="100"><subfield code="a">Strauss, Johann</subfield><subfield code="d">1825-1899</subfield><subfield code="0">(DE-588)11861908X</subfield><subfield code="e">Komponist</subfield><subfield code="4">cmp</subfield><subfield code="6">880-01</subfield></datafield><datafield ind1="1" ind2=" " tag="880"><subfield code="6">100-01</subfield><subfield code="a">Strauss, Johann</subfield><subfield code="d">1825-1899</subfield><subfield code="0">(IDREF)030124417</subfield><subfield code="4">cre</subfield></datafield><datafield ind1="1" ind2="0" tag="240"><subfield code="a">Wiener Blut, Operette</subfield></datafield><datafield ind1="1" ind2="0" tag="245"><subfield code="a">Wiener Blut</subfield><subfield code="b">Operette in drei Akten : Gesamtaufnahme</subfield><subfield code="c">Johann Strauss ; Libretto von Victor Léon und Leo Stein</subfield></datafield><datafield ind1=" " ind2="1" tag="264"><subfield code="a">Köln</subfield><subfield code="b">EMI Electrola</subfield><subfield code="c">[1976]</subfield></datafield><datafield ind1=" " ind2="4" tag="264"><subfield code="c">℗ 1976</subfield></datafield><datafield ind1=" " ind2=" " tag="300"><subfield code="a">2 Schallplatten</subfield><subfield code="b">33 1/3 UpM</subfield><subfield code="e">1 Begleittext</subfield></datafield><datafield ind1=" " ind2=" " tag="336"><subfield code="b">prm</subfield><subfield code="2">rdacontent</subfield></datafield><datafield ind1=" " ind2=" " tag="337"><subfield code="b">s</subfield><subfield code="2">rdamedia</subfield></datafield><datafield ind1=" " ind2=" " tag="338"><subfield code="b">sd</subfield><subfield code="2">rdacarrier</subfield></datafield><datafield ind1=" " ind2=" " tag="500"><subfield code="a">Formation: solistes vocaux, choeur, orchestre symphonique</subfield></datafield><datafield ind1=" " ind2=" " tag="500"><subfield code="a">Langue(s) chantée(s) : allemand</subfield></datafield><datafield ind1="0" ind2=" " tag="505"><subfield code="a">[Opérettes. Wiener Blut]</subfield></datafield><datafield ind1="1" ind2=" " tag="511"><subfield code="a">Willi Boskovsky (Dirigent) ; Philharmonia Hungarica ; Anneliese Rothenberger (Sopran) ; Nicolai Gedda (Tenor) ; Renate Holm (Sopran) ; Klaus Hirte (Bariton) ; Gerd W. Dieberitz (Sprechrolle) ; Gabriele Fuchs (Sopran) ; Heinz Zednik (Tenor) ; Helga Schramm (Sopran) ; Karin Stranig (Sopran) ; Chor der Kölner Oper</subfield></datafield><datafield ind1=" " ind2="7" tag="655"><subfield code="a">Schallplatte</subfield><subfield code="2">gnd-carrier</subfield></datafield><datafield ind1=" " ind2=" " tag="690"><subfield code="a">Bühnenmusik / Musik zu szenischen Werken (Oper, Operette, Musical, Ballett)</subfield><subfield code="2">rzs-LB</subfield></datafield><datafield ind1="1" ind2=" " tag="700"><subfield code="a">Schmitz, Hans Wolfgang</subfield><subfield code="0">(RERO)A018767383</subfield></datafield><datafield ind1="1" ind2=" " tag="700"><subfield code="a">Rothenberger, Anneliese</subfield><subfield code="d">1919-2010</subfield><subfield code="0">(DE-588)118603248</subfield><subfield code="e">Sänger</subfield><subfield code="4">sng</subfield></datafield><datafield ind1="1" ind2=" " tag="700"><subfield code="a">Gedda, Nicolai</subfield><subfield code="d">1925-2017</subfield><subfield code="0">(DE-588)120540215</subfield><subfield code="e">Sänger</subfield><subfield code="4">sng</subfield></datafield><datafield ind1="1" ind2=" " tag="700"><subfield code="a">Holm, Renate</subfield><subfield code="d">1931-2022</subfield><subfield code="0">(DE-588)11901789X</subfield><subfield code="e">Sänger</subfield><subfield code="4">sng</subfield></datafield><datafield ind1="1" ind2="2" tag="700"><subfield code="a">Strauss, Johann</subfield><subfield code="d">1825-1899</subfield><subfield code="t">Wiener Blut</subfield><subfield code="g">Operette</subfield><subfield code="0">(DE-588)300155654</subfield></datafield><datafield ind1="1" ind2=" " tag="700"><subfield code="a">Léon, Victor</subfield><subfield code="d">1858-1940</subfield><subfield code="0">(DE-588)115460608</subfield><subfield code="e">Librettist</subfield><subfield code="4">lbt</subfield><subfield code="6">880-06</subfield></datafield><datafield ind1="1" ind2=" " tag="880"><subfield code="6">700-06</subfield><subfield code="a">Léon, Victor</subfield><subfield code="d">1858-1940</subfield><subfield code="0">(IDREF)069367809</subfield></datafield><datafield ind1="1" ind2=" " tag="700"><subfield code="a">Stein, Leo</subfield><subfield code="d">1861-1921</subfield><subfield code="0">(DE-588)104278064</subfield><subfield code="e">Librettist</subfield><subfield code="4">lbt</subfield><subfield code="6">880-07</subfield></datafield><datafield ind1="1" ind2=" " tag="880"><subfield code="6">700-07</subfield><subfield code="a">Stein, Léo</subfield><subfield code="d">1861-1921</subfield><subfield code="0">(IDREF)050541676</subfield></datafield><datafield ind1="1" ind2=" " tag="700"><subfield code="a">Boskovsky, Willi</subfield><subfield code="d">1909-1991</subfield><subfield code="0">(DE-588)132077396</subfield><subfield code="e">Dirigent</subfield><subfield code="4">cnd</subfield><subfield code="6">880-08</subfield></datafield><datafield ind1="1" ind2=" " tag="880"><subfield code="6">700-08</subfield><subfield code="a">Boskovsky, Willi</subfield><subfield code="d">1909-1991</subfield><subfield code="0">(IDREF)079000002</subfield></datafield><datafield ind1="2" ind2=" " tag="710"><subfield code="a">Oper der Stadt</subfield><subfield code="g">Cologne, Allemagne</subfield><subfield code="b">Chor</subfield><subfield code="0">(IDREF)160374855</subfield></datafield><datafield ind1="2" ind2=" " tag="710"><subfield code="a">Philharmonia hungarica</subfield><subfield code="g">Marl</subfield><subfield code="0">(IDREF)079000010</subfield></datafield><datafield ind1="2" ind2=" " tag="710"><subfield code="a">Philharmonia Hungarica</subfield><subfield code="g">Marl, Kreis Recklinghausen</subfield><subfield code="0">(DE-588)10275551-6</subfield><subfield code="e">Instrumentalmusiker</subfield><subfield code="4">itr</subfield></datafield><datafield ind1=" " ind2=" " tag="900"><subfield code="a">REROnoselfmerge</subfield></datafield><datafield ind1=" " ind2=" " tag="960"><subfield code="2">matmu</subfield><subfield code="a">Vienne ; XIXe ; Opérettes ; Romantisme</subfield><subfield code="9">LOCAL</subfield></datafield></record>
</metadata></record>