<record><header><identifier>oai:alma.41SLSP_UGE:991000767489705502</identifier><datestamp>2023-04-06T00:12:39Z</datestamp><setSpec>uge_bcen_RapidILL_BOOK</setSpec><setSpec>uge_aaca_RapidILL_BOOK</setSpec><setSpec>uge_abels_RapidILL_BOOK</setSpec><setSpec>uge_dbu_RapidILL_BOOK</setSpec><setSpec>uge_cmu_RapidILL_BOOK</setSpec><setSpec>uge_mail_RapidILL_BOOK</setSpec><setSpec>uge_abbat_RapidILL_BOOK</setSpec><setSpec>UNIGE_ALL</setSpec><setSpec>uge_acar_RapidILL_BOOK</setSpec><setSpec>uge_aobs_RapidILL_BOOK</setSpec></header><metadata>
<record xmlns="http://www.loc.gov/MARC21/slim" xmlns:xsi="http://www.w3.org/2001/XMLSchema-instance" xsi:schemaLocation="http://www.loc.gov/MARC21/slim http://www.loc.gov/standards/marcxml/schema/MARC21slim.xsd"><leader>01228naa a2200241 c 4500</leader><controlfield tag="001">991000767489705502</controlfield><controlfield tag="005">20230404092651.0</controlfield><controlfield tag="008">151214s2015    gw ||||| |||| 01| ||ger d</controlfield><datafield ind1=" " ind2=" " tag="035"><subfield code="a">(swissbib)122423658-41slsp_network</subfield></datafield><datafield ind1=" " ind2=" " tag="035"><subfield code="a">122423658</subfield><subfield code="9">ExL</subfield></datafield><datafield ind1=" " ind2=" " tag="035"><subfield code="a">(RERO)R008325276-41slsp</subfield></datafield><datafield ind1=" " ind2=" " tag="035"><subfield code="a">(EXLNZ-41SLSP_NETWORK)991094967219705501</subfield></datafield><datafield ind1=" " ind2=" " tag="040"><subfield code="a">RERO geubfd</subfield><subfield code="d">CH-ZuSLS</subfield></datafield><datafield ind1=" " ind2="7" tag="072"><subfield code="a">dr</subfield><subfield code="2">rero</subfield></datafield><datafield ind1=" " ind2=" " tag="084"><subfield code="a">CA/CH 91.1 i</subfield><subfield code="2">cjurrom</subfield></datafield><datafield ind1="1" ind2=" " tag="100"><subfield code="6">880-01</subfield><subfield code="a">Konopatsch, Cathrine</subfield><subfield code="d">19..-....</subfield><subfield code="0">(IDREF)268787670</subfield><subfield code="4">aut</subfield></datafield><datafield ind1="1" ind2=" " tag="880"><subfield code="a">Konopatsch, Cathrine</subfield><subfield code="6">100-01/(B</subfield><subfield code="4">aut</subfield><subfield code="0">(DE-588)1285184920</subfield></datafield><datafield ind1="1" ind2="0" tag="245"><subfield code="a">Geht es auch anders?</subfield><subfield code="b">das Sanktionenrepertoire neben Freiheits- und Geldstrafe im Erwachsenenstrafrecht der Schweiz</subfield><subfield code="c">von Cathrine Konopatsch</subfield></datafield><datafield ind1=" " ind2=" " tag="336"><subfield code="b">txt</subfield><subfield code="2">rdacontent</subfield></datafield><datafield ind1=" " ind2=" " tag="337"><subfield code="b">n</subfield><subfield code="2">rdamedia</subfield></datafield><datafield ind1=" " ind2=" " tag="338"><subfield code="b">nc</subfield><subfield code="2">rdacarrier</subfield></datafield><datafield ind1=" " ind2=" " tag="580"><subfield code="a">In: Alternative Sanktionsformen zu Freiheits- und Geldstrafe im Strafrecht ausgewählter Europäischer Staaten. - Berlin : Duncker &amp; Humblot, 2015. - P. 117-149</subfield></datafield><datafield ind1="0" ind2=" " tag="773"><subfield code="t">Alternative Sanktionsformen zu Freiheits- und Geldstrafe im Strafrecht ausgewählter europäischer Staaten = Alternative sanctions in criminal law excluding imprisonment and fines in selected European countries</subfield><subfield code="g">117</subfield><subfield code="w">(RERO)R008285095-41slsp</subfield></datafield><datafield ind1=" " ind2=" " tag="900"><subfield code="a">REROnoselfmerge</subfield></datafield></record>
</metadata></record>