<record><header><identifier>oai:alma.41SLSP_UGE:991000767069705502</identifier><datestamp>2023-03-01T01:09:48Z</datestamp><setSpec>uge_bcen_RapidILL_BOOK</setSpec><setSpec>uge_aaca_RapidILL_BOOK</setSpec><setSpec>uge_abels_RapidILL_BOOK</setSpec><setSpec>uge_dbu_RapidILL_BOOK</setSpec><setSpec>uge_cmu_RapidILL_BOOK</setSpec><setSpec>uge_mail_RapidILL_BOOK</setSpec><setSpec>UNIGE_ALL</setSpec><setSpec>uge_abbat_RapidILL_BOOK</setSpec><setSpec>uge_aobs_RapidILL_BOOK</setSpec><setSpec>uge_acar_RapidILL_BOOK</setSpec></header><metadata>
<record xmlns="http://www.loc.gov/MARC21/slim" xmlns:xsi="http://www.w3.org/2001/XMLSchema-instance" xsi:schemaLocation="http://www.loc.gov/MARC21/slim http://www.loc.gov/standards/marcxml/schema/MARC21slim.xsd"><leader>01933nam a2200517 c 4500</leader><controlfield tag="001">991000767069705502</controlfield><controlfield tag="005">20201231183106.0</controlfield><controlfield tag="008">201012s2001    xxk||||| |||| 00| ||eng d</controlfield><datafield ind1=" " ind2=" " tag="010"><subfield code="a">2001030111</subfield></datafield><datafield ind1=" " ind2=" " tag="019"><subfield code="a">Chryssochoou, Dimitris N. (1970-)</subfield></datafield><datafield ind1=" " ind2=" " tag="020"><subfield code="a">0719060133</subfield><subfield code="q">hardback</subfield></datafield><datafield ind1=" " ind2=" " tag="035"><subfield code="a">(swissbib)242832865-41slsp_network</subfield></datafield><datafield ind1=" " ind2=" " tag="035"><subfield code="a">242832865</subfield><subfield code="9">ExL</subfield></datafield><datafield ind1=" " ind2=" " tag="035"><subfield code="a">(RERO)R003359054-41slsp</subfield></datafield><datafield ind1=" " ind2=" " tag="035"><subfield code="a">(NEBIS)004107231EBI01</subfield></datafield><datafield ind1=" " ind2=" " tag="035"><subfield code="a">(EXLNZ-41SLSP_NETWORK)991092209729705501</subfield></datafield><datafield ind1=" " ind2=" " tag="040"><subfield code="a">RERO geuieg</subfield><subfield code="d">CH-ZuSLS</subfield></datafield><datafield ind1=" " ind2=" " tag="050"><subfield code="a">DE100</subfield><subfield code="b">.E47 2001</subfield></datafield><datafield ind1=" " ind2="7" tag="072"><subfield code="a">sp</subfield><subfield code="2">rero</subfield></datafield><datafield ind1="0" ind2="0" tag="082"><subfield code="a">909/.0982/2</subfield><subfield code="2">21</subfield></datafield><datafield ind1="0" ind2="4" tag="082"><subfield code="a">327.4</subfield><subfield code="2">21</subfield></datafield><datafield ind1="1" ind2="4" tag="082"><subfield code="a">327.401822</subfield><subfield code="2">22</subfield></datafield><datafield ind1="1" ind2=" " tag="100"><subfield code="a">Xenakis, Dimitris K.</subfield><subfield code="0">(IDREF)074424785</subfield><subfield code="4">cre</subfield></datafield><datafield ind1="1" ind2="0" tag="245"><subfield code="a">&lt;&lt;The&gt;&gt; emerging Euro-Mediterranean system</subfield><subfield code="c">Dimitris K. Xenakis, Dimitris N. Chryssochoou</subfield></datafield><datafield ind1=" " ind2="1" tag="264"><subfield code="a">Manchester [etc.]</subfield><subfield code="b">Manchester University Press</subfield><subfield code="c">2001</subfield></datafield><datafield ind1=" " ind2=" " tag="300"><subfield code="a">X, 156 p.</subfield><subfield code="c">24 cm</subfield></datafield><datafield ind1=" " ind2=" " tag="336"><subfield code="b">txt</subfield><subfield code="2">rdacontent</subfield></datafield><datafield ind1=" " ind2=" " tag="337"><subfield code="b">n</subfield><subfield code="2">rdamedia</subfield></datafield><datafield ind1=" " ind2=" " tag="338"><subfield code="b">nc</subfield><subfield code="2">rdacarrier</subfield></datafield><datafield ind1="1" ind2=" " tag="490"><subfield code="a">Europe in change</subfield></datafield><datafield ind1=" " ind2=" " tag="504"><subfield code="a">Includes bibliographical references and index</subfield></datafield><datafield ind1="2" ind2="7" tag="610"><subfield code="a">Europäische Union</subfield><subfield code="2">idszbz</subfield></datafield><datafield ind1="2" ind2="7" tag="610"><subfield code="a">Europäische Union</subfield><subfield code="0">(DE-588)5098525-5</subfield><subfield code="2">gnd</subfield></datafield><datafield ind1=" " ind2="7" tag="650"><subfield code="a">politique</subfield><subfield code="0">(RERO)A010009334</subfield><subfield code="2">rerovoc</subfield></datafield><datafield ind1=" " ind2="0" tag="650"><subfield code="a">World politics</subfield><subfield code="y">1989-</subfield></datafield><datafield ind1=" " ind2="0" tag="650"><subfield code="a">Geopolitics</subfield><subfield code="z">Mediterranean Region</subfield></datafield><datafield ind1=" " ind2="7" tag="650"><subfield code="a">Mittelmeerpolitik</subfield><subfield code="2">idszbz</subfield></datafield><datafield ind1=" " ind2="7" tag="650"><subfield code="a">Mittelmeerpolitik</subfield><subfield code="0">(DE-588)4198281-2</subfield><subfield code="2">gnd</subfield></datafield><datafield ind1=" " ind2="7" tag="651"><subfield code="a">Méditerranée (bassin) - Europe</subfield><subfield code="0">(RERO)A010115548</subfield><subfield code="2">rero</subfield></datafield><datafield ind1=" " ind2="0" tag="651"><subfield code="a">Mediterranean Region</subfield><subfield code="x">Politics and government</subfield><subfield code="y">1945-</subfield></datafield><datafield ind1=" " ind2="0" tag="651"><subfield code="a">Mediterranean Region</subfield><subfield code="x">Economic conditions</subfield><subfield code="y">1945-</subfield></datafield><datafield ind1=" " ind2="0" tag="651"><subfield code="a">Mediterranean Region</subfield><subfield code="x">Social conditions</subfield><subfield code="y">1945-</subfield></datafield><datafield ind1=" " ind2="7" tag="655"><subfield code="a">Aufsatzsammlung</subfield><subfield code="2">gnd-content</subfield></datafield><datafield ind1="1" ind2=" " tag="700"><subfield code="a">Chryssochoou, Dimitris N</subfield><subfield code="0">(RERO)A003105949</subfield></datafield><datafield ind1=" " ind2=" " tag="830"><subfield code="a">Europe in change</subfield><subfield code="w">(RERO)2234727-41slsp</subfield></datafield><datafield ind1=" " ind2=" " tag="900"><subfield code="a">REROnoselfmerge</subfield></datafield><datafield ind1=" " ind2=" " tag="900"><subfield code="a">IDSZ2zbzmon200108f</subfield><subfield code="c">IDSZ2klau</subfield><subfield code="d">IDSZ2zbzswk200111b</subfield><subfield code="e">IDSZ2brue</subfield></datafield><datafield ind1=" " ind2=" " tag="961"><subfield code="2">gsi</subfield><subfield code="a">920</subfield><subfield code="9">LOCAL</subfield></datafield></record>
</metadata></record>